2790 4696
164 377 206 446 ,φ
426 351 664 424 sronomr
694 350 943 423 nossonn

163 487 266 586 Quod
283 488 446 567 Venerem
463 489 594 581 tollam,
613 493 706 594 quod
723 520 818 589 agam
836 493 907 568 sine
926 492 1067 592 conjuge
1082 493 1201 584 vitam,

209 606 274 679 Est
288 633 361 681 mea
375 605 500 706 judicio
517 610 641 683 rustica
658 608 741 683 silva
757 627 827 683 tuo.

161 717 300 793 Rustica
317 719 362 791 sit
377 747 471 809 sane,
490 721 581 796 vitiis
598 722 746 825 anlaeque
764 725 898 825 tuisque
1181 746 1226 799 155

210 832 300 906 Dum
318 850 422 922 caret,
441 852 475 909 et
492 855 582 912 casta
599 856 665 927 est,
686 839 842 940 quodque
855 867 1047 941 sequamur,
1064 839 1176 916 habet.

162 949 210 1023 At
226 946 345 1022 studiis
362 967 414 1023 est
432 950 519 1026 clara
536 954 637 1041 meis3
656 953 804 1043 insumis,
822 972 857 1027 ct
872 954 955 1054 ipsis

210 1063 416 1138 Detestanda
432 1065 527 1156 seris,
546 1084 578 1140 te
596 1068 764 1156 veniente,
784 1066 880 1142 foret

165 1179 247 1267 Cur,
266 1206 309 1252 ne
327 1178 493 1268 deficiam,
512 1182 633 1256 metuis
648 1182 758 1254 mihi?
774 1210 894 1282 nempe
910 1180 1041 1257 labores

213 1290 352 1366 Altema
369 1293 499 1393 requie,
518 1294 651 1395 vitaque
666 1313 782 1370 nostra
799 1313 922 1370 carent.
1186 1318 1232 1370 roo

164 1403 324 1481 Falleris:
339 1405 406 1482 alta
422 1407 518 1508 quies
535 1409 601 1482 sibi
618 1438 712 1485 mens
728 1428 780 1485 est
796 1411 928 1485 conscia
944 1409 1045 1484 recti:

212 1523 285 1596 Hac
300 1520 410 1612 fruor;
428 1523 499 1598 haec
517 1551 647 1627 semper
663 1543 799 1628 pectora
814 1544 929 1600 nostra
944 1524 1042 1599 fovet

165 1641 246 1715 flaec
263 1640 347 1713 mihi
363 1669 424 1742 per
440 1660 590 1731 montes,
608 1661 842 1745 praeruptaque
861 1671 938 1717 saxa
954 1641 1107 1736 vaganti,

215 1758 293 1854 Qua
309 1786 455 1847 recreor,
473 1787 583 1833 comes
600 1777 667 1848 est,
686 1786 839 1859 aegraque
852 1757 952 1832 corda
969 1756 1063 1830 levat.

167 1873 279 1971 Quam
292 1874 386 1973 juvat
400 1873 457 1948 hio
474 1873 557 1951 aulae
574 1875 715 1976 strepitu
732 1872 894 1973 fumoque
912 1888 1095 1961 carentem,
1189 1888 1234 1942 165

216 1989 262 2061 Et
277 1985 397 2088 procul
414 1987 538 2063 invidia
555 1990 681 2077 vivere,
700 2005 800 2088 teque
816 1984 956 2087 procul!

168 2103 224 2178 Ad
240 2105 389 2206 requiem
407 2105 488 2179 satis
505 2121 556 2180 est
571 2102 694 2206 patulae
711 2103 775 2177 sub
793 2100 937 2196 tegmine
955 2098 1039 2196 lagi,

218 2222 265 2294 Et
282 2237 403 2294 temere
419 2220 456 2293 in
472 2219 569 2299 viridi
586 2217 806 2320 procubuisse
824 2215 907 2291 solo.

171 2333 244 2408 Illic
261 2363 279 2408 e
298 2334 390 2408 silvis
405 2336 557 2423 veniens,
576 2353 634 2409 aut
649 2332 809 2420 vallibus,
828 2359 924 2418 aura,

218 2449 436 2550 Frondeaque
454 2449 588 2526 ardores
606 2467 656 2525 sat
674 2448 760 2522 levat
776 2447 896 2522 umbra
912 2472 1015 2519 meos.
1194 2480 1241 2536 ηε

171 2568 301 2640 Interea
320 2567 422 2661 gemit
437 2567 473 2639 in
490 2567 607 2668 patriis
624 2563 692 2638 avis
709 2561 822 2665 Attica
839 2556 948 2647 silvis,

220 2685 267 2756 Ee
282 2682 406 2758 violare
424 2700 515 2757 toros
532 2682 689 2756 admonet
705 2682 776 2753 esse
793 2675 897 2751 nesas.

175 2796 270 2893 Quid
286 2798 435 2898 requiem
451 2796 658 2892 ingeminas?
675 2792 823 2894 Requies
839 2791 876 2864 in
893 2787 1031 2864 crimine
1048 2781 1141 2860 nulla
1158 2802 1230 2860 est:

222 2912 274 2984 Ex
292 2909 366 2998 illo,
385 2912 414 2984 si
432 2928 580 3012 quaest,
598 2927 678 2984 nata
692 2911 836 3002 Megaera
852 2904 927 2978 fuit

175 3028 251 3102 Hoc
266 3054 372 3101 unum
389 3026 485 3100 taedis
503 3027 630 3100 animos
648 3024 843 3100 ardentibus
859 3022 944 3111 urit,
1196 3039 1243 3108 ηε

222 3146 298 3218 Ηοε
315 3172 420 3217 unum
438 3144 570 3244 Stygias
587 3141 703 3216 condit
719 3142 755 3213 in
774 3168 850 3214 ossa
865 3138 961 3212 faces.

176 3263 254 3361 Ipsa
271 3276 345 3333 tuas
361 3257 480 3345 furias,
499 3276 534 3332 et
551 3285 653 3333 caecos
670 3256 807 3330 consule
825 3271 958 3329 motus:

225 3378 304 3450 Non
322 3401 417 3449 secus
434 3403 471 3449 ac
488 3373 604 3475 thyrso
622 3371 750 3447 concita
767 3369 912 3459 Baccha,
930 3366 1024 3440 suris.

179 3493 306 3567 Mentis
323 3492 424 3593 inops
441 3490 583 3591 raperis;
598 3517 659 3563 nec
672 3486 798 3574 adhuc,
816 3484 881 3558 nisi
898 3500 1023 3572 mente,
1042 3477 1179 3557 scelesta
1190 3504 1245 3551 es:

227 3608 264 3680 Si
282 3636 317 3692 re
334 3635 521 3709 peccasses,
540 3632 609 3706 quo
626 3629 777 3704 raperere
794 3598 917 3673 modo?
1201 3614 1247 3667 rso

181 3720 341 3808 mmihi,
359 3722 407 3796 sic
424 3721 515 3795 dives
532 3716 706 3820 promissis
721 3713 818 3789 litera
835 3711 997 3813 spondet,

231 3832 388 3929 Coniugii
406 3834 469 3907 dos
484 3851 535 3906 est
552 3833 651 3906 Creta
667 3826 780 3902 futura
795 3826 855 3900 tui.

183 3941 241 4019 Nil
256 3944 326 4037 agis
341 3974 349 4017 ε
366 3964 405 4019 ut
421 3944 543 4022 violem
560 3963 628 4020 tam
643 3960 764 4024 sancte
779 3939 904 4016 soedera
920 3936 1020 4034 legis,

233 4064 313 4139 Non
328 4059 411 4135 mihi
429 4079 466 4137 tu
484 4062 587 4164 tantis,
606 4079 743 4164 totaque
756 4059 854 4134 Creo
870 4074 926 4132 tua
943 4071 1005 4131 est
