2790 4696
515 345 868 416 CONSOLATIO.

210 484 335 558 Ultima
352 483 397 557 sit
413 482 471 557 fati
487 484 555 559 hacc
572 513 698 559 summa
711 486 844 588 querela
862 487 921 560 tui.

162 603 229 675 Iste
245 619 357 702 potest
373 599 508 701 implere
527 601 624 675 dolor
639 600 690 675 vel
706 601 815 677 secula
833 619 923 691 tota,

211 719 256 789 Et
272 718 383 812 magni
401 716 511 791 luctus
530 717 714 791 obtinuisse
732 717 850 792 locum.

163 831 265 905 Multi
279 834 311 904 in
331 851 362 906 te
380 833 513 907 amissi:
529 862 607 920 nec,
626 834 680 907 cui
698 851 748 907 tot
765 835 864 907 turba
876 833 1062 926 bonomm,

213 948 333 1021 Omnis
351 950 405 1021 cui
417 950 522 1022 virtus
540 950 698 1045 contigit,
716 979 805 1023 unus
818 977 899 1023 eras.

164 1061 232 1135 Nec
250 1065 412 1157 genetrice
432 1081 489 1138 tua
505 1065 679 1138 fecundior
694 1064 764 1139 ulla
779 1081 975 1166 parentum,

209 1180 276 1251 Tot
290 1179 378 1253 bona
392 1209 454 1282 per
469 1199 585 1282 partus
602 1209 674 1282 quae
692 1179 783 1254 dedit
800 1208 867 1253 una
883 1179 978 1253 duos.

163 1294 256 1368 Heu!
273 1324 333 1395 par
346 1295 428 1369 illud
447 1297 508 1371 ubi
521 1315 587 1384 est,
607 1297 744 1371 totidem
762 1297 945 1371 virtutibus
963 1300 1121 1399 aequum?

209 1411 254 1481 Et
270 1437 408 1484 concors
425 1411 547 1512 pietas,
565 1440 626 1486 nec
641 1412 814 1487 dubitatus
832 1414 950 1486 amor?
1056 1500 1062 1511 „

161 1523 332 1612 Vidimus,
351 1527 530 1601 attonitum
548 1528 691 1603 fraterna
708 1547 834 1618 morte,
851 1530 1017 1604 Neronem
1193 1552 1228 1604 85

209 1638 337 1714 Pallida
352 1642 517 1741 promissa
531 1643 608 1719 flere
623 1673 684 1746 per
701 1674 759 1719 ora
777 1674 889 1732 coma,

163 1754 431 1856 Dissimilemque
450 1760 519 1846 sui,
538 1759 632 1835 vultu
651 1761 828 1863 profitente
847 1761 1019 1834 dolorem:

211 1871 276 1944 Hei
293 1871 392 1944 mihi!
412 1902 510 1973 quam
528 1892 601 1948 toto
620 1875 730 1950 luctus
748 1877 855 1948 inore
872 1876 960 1949 suit?

162 1987 215 2058 Tu
235 2004 343 2059 tamen
361 2005 506 2061 extremo
519 1992 719 2063 moriturum
738 2007 887 2088 tempore
903 1988 1037 2062 fratrem

210 2100 353 2186 Vidisti;
371 2099 520 2174 lacrimas
537 2104 621 2176 vidit
637 2123 671 2177 ct
687 2103 742 2178 ille
761 2121 855 2191 tuas;

162 2215 341 2317 Adfigiquc
360 2218 429 2290 suis
444 2219 590 2293 moriens
608 2238 664 2294 tua
682 2237 817 2321 pectora
833 2220 952 2307 sensit,

210 2333 256 2404 Et
274 2334 381 2405 tenuit
396 2332 491 2406 vultu
508 2333 633 2408 lumina
649 2335 714 2409 fixa
731 2353 790 2409 tuo
805 2364 814 2423 3

161 2447 321 2535 Lumina,
340 2442 477 2522 caerulea
490 2450 557 2547 jam
572 2451 705 2552 jamque
718 2451 866 2524 natantia
878 2466 1007 2536 morte3

210 2565 366 2652 Lumina,
385 2565 544 2640 fraternas
559 2567 627 2665 jam
644 2567 797 2641 subitura
811 2595 938 2640 manus.

160 2739 213 2789 quo
230 2731 349 2773 mortuos
365 2720 487 2788 ciebant,
504 2720 610 2791 proprio
625 2741 670 2776 eos
720 2741 752 2775 ex
777 2720 963 2775 emendacione
991 2719 1139 2791 &digerit
1166 2741 1229 2777 narn

160 2800 269 2852 nomine
279 2810 414 2864 vocantes;
423 2800 493 2853 unde
504 2802 671 2854 uocanturle-
719 2796 790 2866 prius
800 2796 950 2867 legebatur,
965 2801 1005 2850 tol
1014 2796 1093 2850 verba
1102 2800 1229 2850 donorum.

161 2878 277 2947 gendum
284 2878 490 2946 fhrlecensebat.
500 2877 671 2950 Micyllusvc·
720 2873 773 2928 Sed
794 2875 984 2929 correctionem
1004 2876 1036 2929 N.
1055 2875 1180 2929 Heinsius
1199 2875 1228 2928 iu

161 2973 209 3020 ro,
222 2954 255 3006 de
268 2956 347 3007 titulis
360 2966 386 3008 et
398 2955 549 3008 nominibus
563 2955 671 3026 magui·
721 2963 822 3005 textum
834 2953 949 3023 recipere
961 2953 1072 3005 minime
1083 2952 1228 3017 dubitavit,

161 3028 293 3099 dicisquae
312 3033 365 3100 jam
384 3033 432 3084 sibi
451 3032 553 3084 Drusus
575 3033 671 3085 virtute
721 3040 748 3082 et
758 3029 905 3094 transtulit,
919 3039 947 3082 ut
955 3028 1084 3094 vidimus,
1098 3029 1229 3092 leClerc,

162 3116 304 3176 paraverat.
315 3110 672 3177 Ullrmass‘lsale'hecsnmma
720 3106 752 3158 ad
768 3125 873 3159 versum
891 3106 930 3172 43.

162 3186 262 3250 querela
274 3189 318 3236 lui.
329 3182 412 3253 Optat
423 3196 498 3254 poeta
509 3225 516 3250 ,
528 3195 556 3237 ut
570 3188 672 3252 quarela
753 3183 793 3234 83.
809 3180 888 3233 Heu!
903 3200 956 3247 par
972 3181 1041 3231 illud
1056 3182 1103 3231 aba·
1117 3184 1161 3231 es!
1181 3190 1232 3233 etc.

161 3263 216 3312 ltaec
223 3260 319 3327 desato
328 3259 408 3314 Drusi
417 3262 449 3314 sit
457 3261 564 3315 tandem
571 3264 670 3321 nllr'mae,
720 3259 845 3313 Fratrum
856 3255 968 3320 scilicet,
985 3254 1084 3308 Tiberii
1095 3265 1121 3307 ct
1132 3254 1228 3321 Drusi,

163 3357 247 3408 quum
268 3347 307 3391 tot
325 3357 414 3390 secum
437 3339 506 3391 bona
530 3337 671 3391 abstulerit.
720 3356 785 3407 quos
805 3334 904 3390 eedem
923 3334 1084 3387 exornabant
1101 3333 1231 3400 virtutes,

163 3415 394 3470 Tentaveratolim
404 3415 545 3480 Heinsius,
558 3414 670 3467 sednon
720 3427 747 3470 et
766 3414 927 3469 indubitatus
955 3432 1030 3467 amor
1051 3412 1136 3466 adhuc
1158 3432 1229 3466 con-

163 3513 223 3561 sua,
237 3505 266 3547 ut
278 3494 341 3547 mibi
354 3491 471 3559 videtur,
484 3493 606 3544 sortuna:
720 3495 850 3562 junxerat.

163 3583 325 3631 caedtsmstnem
374 3581 670 3634 mnomimmruudagmur.
752 3573 791 3644 89
814 3574 852 3625 Tu
865 3575 949 3622 tamea
966 3574 1077 3622 extremo
1088 3572 1230 3622 moraturum

187 3656 264 3695 Ultima
273 3659 297 3695 sit
299 3659 363 3712 J'acsr's
370 3657 435 3696 tam
443 3656 522 3708 querela
530 3656 584 3694 tuis!
720 3652 829 3718 [empore
835 3649 946 3718 smlrem
963 3657 1011 3700 etc.
1037 3646 1172 3699 Tibullum
1188 3646 1229 3702 hic

198 3732 518 3798 77.Is!epo!es!1'mplm
535 3731 609 3781 dolor
622 3739 670 3782 etc.
721 3748 858 3798 agnoscas,
879 3727 919 3779 vel
935 3727 1020 3796 ipsum
1037 3723 1165 3779 Ovidium
1181 3725 1230 3779 Ti-

166 3806 256 3875 Friget
272 3798 416 3858 admodum
435 3807 519 3859 oratio
535 3805 567 3858 ad
581 3827 604 3859 v.
620 3806 670 3874 83,
719 3808 782 3861 bulli
794 3808 833 3860 sui
845 3806 988 3860 deflentem
998 3806 1142 3860 interitum.
1156 3808 1228 3860 Vere

166 3885 225 3953 quia
242 3884 344 3955 longius
362 3887 432 3940 Naso
449 3886 622 3953 immoratur,
643 3887 671 3940 in
720 3886 932 3957 baecElegioest,
943 3885 1227 3952 carmenveressebile,

164 3963 308 4017 evolvenda
318 3964 522 4032 unaeademque
533 3964 671 4018 sententia.
721 3963 791 4032 quod
814 3962 911 4033 legenti
940 3963 1016 4018 fletus
1040 3983 1134 4034 parum
1159 3963 1230 4016 abest

198 4064 236 4115 79.
256 4045 306 4096 cus·
315 4049 353 4094 to!
365 4045 438 4094 turba
453 4046 569 4094 bonorum
583 4046 671 4094 couti·
721 4041 785 4110 quin
798 4041 888 4094 eliciat.

162 4125 203 4186 git
212 4131 260 4184 etc.
273 4120 326 4174 Tot
337 4119 379 4175 cui
390 4119 498 4174 virtutes
509 4119 669 4190 obtigerant:
752 4123 793 4193 94.
806 4122 1110 4191 lamabasralemasjam
1117 4123 1229 4173 suburra
