2790 4696
166 338 250 406 xvm
555 303 846 396 ranrarrog

169 518 186 550 a
205 481 262 583 qui
272 478 339 568 me,
348 494 388 555 ut
397 507 472 555 mos
481 495 532 554 est
541 477 756 566 imitantium,
770 495 894 552 certent
907 450 1040 553 audacia
1054 452 1220 582 superare,

167 651 187 683 n
207 613 291 689 nihil
304 614 372 715 jam
384 615 419 687 in
433 609 626 710 antiquitate
638 627 763 684 eertum
773 610 869 685 video
882 628 915 685 et
924 610 1129 712 exploratum
1141 643 1148 687 :
1161 617 1223 689 nee

166 780 187 816 a
206 747 320 825 Ovidii
335 746 508 830 ovidium,
524 742 581 816 sed
598 743 745 834 Heinsii,
760 745 944 818 Burmanni
963 763 996 820 et
1013 745 1153 822 aliorum
1165 756 1223 822 ne'·

167 916 186 948 2>
204 900 302 984 potes
315 880 433 976 legent.
454 876 515 949 Vis
536 876 675 977 denique
688 878 725 950 id
747 904 845 951 omne
864 878 968 951 dicam
986 880 1077 979 quod
1090 881 1225 956 sentio?

169 1048 187 1083 ,ι
206 1019 342 1092 Prustet
352 1010 496 1111 quodam
508 1009 610 1081 modo
620 1009 779 1082 mendosa
790 1028 954 1084 remanere
967 1008 1040 1083 loca
1057 1013 1205 1112 quaedam
1213 1022 1225 1103 ,'

168 1181 187 1215 n
205 1164 238 1221 et
252 1170 315 1245 pro
327 1137 496 1214 mendosis
505 1136 586 1234 legi,
603 1166 702 1239 quam
713 1138 847 1214 incertis
858 1139 1160 1232 emendationibus,
1172 1141 1224 1218 vel

164 1311 184 1348 a
200 1277 297 1364 meis,
314 1273 492 1347 immutari.
512 1305 530 1338 a
599 1331 601 1335 ,

213 1406 318 1504 Quod
335 1407 527 1479 Burmanuo
542 1403 702 1478 Heinsius
719 1403 857 1499 fingitur
870 1404 926 1481 hio
944 1406 1081 1497 dixisse,
1093 1395 1230 1481 'dietum'

164 1557 264 1641 puta,
279 1541 413 1625 Lector,
425 1534 756 1611 recentioricuili'bet
767 1537 912 1612 Nasonis
925 1539 1115 1640 interpreti,
1131 1539 1224 1639 cujus'

164 1673 478 1777 praecipuumuunc
499 1696 621 1743 munus
650 1668 766 1742 ordine
789 1667 934 1758 meliori,
962 1699 1034 1772 quae
1062 1670 1226 1766 indigesta

165 1805 330 1902 digerere,
349 1829 496 1878 coercere
512 1798 710 1904 prolixiora,
726 1800 857 1875 inutilia
873 1804 1009 1876 omnino
1023 1802 1171 1890 abolere,
1192 1810 1225 1877 et

165 1936 263 2009 relin
275 1933 425 2034 probatis
439 1931 576 2007 modum
589 1929 761 2034 quemdam
776 1949 809 2006 et
822 1933 1034 2007 sobrietatem
1050 1931 1222 2021 adhibere,

164 2067 253 2142 unde
270 2068 315 2141 sit
328 2066 370 2140 iis
383 2065 492 2156 locus,
505 2092 583 2167 ‘quae
599 2065 639 2139 d‘e
652 2082 714 2140 suo
729 2067 877 2143 addenda
888 2068 1070 2164 censuerit3
1086 2068 1143 2143 sed
1155 2068 1224 2142 haee

166 2222 300 2300 quoque
319 2220 416 2299 parce
435 2196 629 2287 admodum,
649 2226 691 2271 ne
711 2197 804 2272 ducat
824 2201 855 2271 iri
875 2200 982 2272 uitium
999 2200 1105 2300 ipsius
1126 2199 1225 2301 culpa

151 2329 246 2430 sugo
272 2329 360 2403 Sunt
379 2328 466 2403 euim
487 2345 597 2430 partes
621 2329 669 2401 ita
687 2329 757 2401 tuis
775 2329 922 2402 numeris
938 2326 1117 2416 absoluta,
1137 2328 1225 2430 apud

164 2462 299 2536 criticos
312 2478 446 2536 aetatum
467 2460 749 2563 superiorum,·ut
773 2480 898 2532 summa
924 2486 1000 2532 cum
1019 2460 1226 2534 veneratione

166 2593 282 2696 quales
303 2611 398 2682 aunt,
416 2590 498 2668 tales
519 2586 739 2696 excipiendae,
764 2589 1003 2690 servandaeque.
1032 2590 1121 2687 Quis
1140 2589 1227 2665 enirn

167 2747 321 2803 nostrrm
336 2728 518 2803 doctiorem
535 2755 570 2800 se
586 2742 639 2799 tot
655 2724 763 2806 doctis
774 2724 870 2813 viris,
886 2722 934 2798 vel
949 2722 1048 2798 latine
1063 2724 1145 2798 scire
1160 2750 1228 2799 me-

167 2857 252 2949 lius,
268 2863 439 2935 immutata
450 2859 580 2948 fleme,
596 2859 808 2960 jactitaverit,
826 2887 925 2959 quarn
938 2860 1012 2959 qui,
1031 2859 1119 2932 sacto
1133 2861 1228 2959 quasi

168 3005 244 3066 'cun
254 2992 325 3065 suis
332 2970 494 3078 divortio,
508 2992 574 3088 toti
585 2991 620 3064 in
631 2993 773 3066 Romam
784 2990 954 3091 antiquam
969 2990 1229 3086 emigraverant?

170 3108 274 3220 Quod
286 3122 580 3223 spectatigitur'ad
590 3123 788 3197 MSS.'inter
798 3152 833 3197 se
843 3109 1067 3211 collationem,
1086 3150 1228 3223 quorum

167 3257 253 3359 ipsis
267 3254 415 3356 undique
430 3257 540 3357 copia,
563 3274 603 3330 'et
624 3254 665 3330 ad
683 3254 861 3331 'verborum
882 3254 1185 3354 interpretationem
1213 3252 1230 3328 a

166 3367 285 3474 biens,
319 3404 480 3490 punctum
508 3386 645 3461 omnino
669 3385 836 3475 tulerunt,
868 3385 925 3460 sed
954 3385 1137 3461 tollendum
1157 3385 1229 3460 aliis'

169 3515 588 3621 piemmquereiiquerunt,
606 3519 666 3592 ubi
683 3532 799 3592 sensus
810 3515 1044 3606 enucleandus,
1060 3519 1118 3620 qui
1133 3517 1228 3592 lateat
1327 3542 1334 3559 ·

168 3647 377 3740 abramium
403 3652 463 3726 ubi
487 3650 664 3726 evolvenda
687 3678 797 3723 rerum
822 3649 922 3723 series
942 3665 976 3722 et
997 3650 1231 3725 sententiarum

169 3783 349 3871 'connexim
366 3783 650 3885 evulgandumq'ue
667 3798 774 3882 poetae
789 3783 824 3855 in
844 3782 1018 3856 scribendo
1040 3783 1229 3867 artificium,

169 3912 224 3998 ‚rel
247 3914 379 4009 ingenii,
395 3917 445 3989 ris
461 3912 741 4015 ,inimaginaudo
769 3916 847 3987 Uno
859 3888 967 4001 uerbo
985 3946 994 3990 a
1017 3945 1089 4018 quae
1107 3908 1232 3986 nullius

168 4063 229 4121 aut
239 4045 378 4122 minoris
393 4047 571 4138 momenti,
586 4047 759 4123 verbosius
776 4047 959 4150 explicant;
977 4075 1050 4149 quae
1065 4073 1142 4120 vero
1155 4071 1231 4137 gra·
