2754 5160
213 677 280 763 roc
499 670 991 743 r.0v1u111vasorvrs

261 816 389 898 lleret3
409 828 460 897 et,
475 829 515 883 ut
530 829 625 912 capta
641 813 746 886 victor
763 813 798 886 in
813 841 903 900 arce,
921 830 1042 889 manet.

214 933 329 1006 Cetera
347 955 430 1026 saepe
451 943 559 998 tamen
577 944 712 1026 potuere
732 922 875 1002 admissa
892 930 1019 1025 negari,

260 1047 306 1117 Et
324 1043 446 1116 crimen
463 1069 529 1128 nox
547 1059 597 1113 eat
614 1041 755 1114 inficiata
774 1071 882 1116 suum.
927 1037 929 1040 ’

211 1163 334 1234 Nostra
353 1172 448 1230 notat
464 1154 556 1228 lusco
574 1154 697 1248 digitos
716 1157 834 1254 injuria
848 1185 967 1246 succo,

226 1312 229 1317 ·
262 1273 392 1346 Cortice
409 1286 576 1344 contactas
593 1269 757 1343 inliciente
773 1297 899 1344 manua

214 1387 273 1461 llle
289 1414 388 1460 cruor
403 1413 495 1458 meus
514 1401 565 1457 est
581 1383 660 1458 :illo
678 1383 837 1458 maculata
853 1414 969 1460 cruore

258 1504 337 1574 Non
354 1498 543 1600 profectura
562 1497 675 1571 dextra
691 1497 816 1573 lavatur
833 1530 927 1601 aqua.

213 1619 246 1691 0
264 1644 342 1710 ego,
363 1642 465 1713 quum
481 1611 589 1706 longae
602 1632 762 1687 venemnt
777 1614 871 1688 tedia
890 1613 978 1702 vitae,

261 1728 384 1830 Optavi
404 1728 535 1828 quoties
550 1727 640 1801 arida
656 1727 741 1801 facta
758 1728 864 1802 mori!

212 1845 336 1946 Optavi
353 1842 499 1941 quoties,
520 1862 577 1917 ant
596 1872 680 1918 eaeco
699 1843 830 1918 turbine
849 1846 946 1933 verti,

259 1960 328 2031 Aut
343 1956 452 2030 valido
469 1957 560 2031 missi
582 1957 729 2033 fulminis
747 1960 821 2055 igne
838 1961 926 2060 peti!

210 2076 321 2173 Atque
338 2072 464 2146 utinam
484 2073 600 2147 subitae
617 2093 770 2175 raperent
786 2104 857 2149 mea
874 2087 974 2176 poma
989 2059 1164 2175 procella

256 2186 318 2260 Vel
337 2216 469 2288 possem
487 2187 612 2263 fructus
630 2208 778 2264 excutere
795 2191 868 2290 ipsa
882 2192 992 2263 meos!

208 2304 281 2392 Sic,
300 2303 359 2376 ubi
377 2303 520 2377 detracta
535 2322 586 2379 est
603 2322 666 2379 ate
685 2305 745 2378 tibi
762 2332 858 2378 causa
876 2303 1005 2405 pericli,
1223 2322 1268 2373 me

251 2465 304 2518 153.
324 2468 414 2517 Cetera
432 2485 497 2534 sepe
513 2473 597 2519 tamen
610 2474 713 2534 potuere
760 2466 831 2519 mine
846 2466 899 2518 ullo
913 2465 1014 2534 perflet.
1027 2465 1072 2518 Sic
1083 2483 1176 2517 cecam
1189 2481 1270 2515 amo-

205 2546 464 2608 admitsanegarr'etc.
474 2543 513 2595 Ea
521 2543 582 2596 dicit
594 2545 711 2611 crimina,
760 2563 818 2596 rem
833 2542 960 2608 dicimus,
985 2553 1013 2595 et
1031 2544 1150 2594 furorem
1169 2560 1268 2593 cecum.

208 2640 322 2691 quorum
338 2641 390 2673 nox
409 2621 462 2674 sola
481 2623 581 2675 conscia
602 2624 667 2689 tuit,
686 2635 713 2677 et
760 2649 793 2662 ·-
809 2624 880 2674 Caeco
898 2624 995 2673 turbrire
1019 2627 1091 2673 vertr'.
1131 2623 1204 2672 Verre
1220 2637 1267 2688 pro

206 2717 264 2768 qne
286 2698 369 2768 potuit
388 2697 447 2750 ideo
464 2703 713 2768 negare;1t1fic1·ata
760 2699 841 2753 everti
851 2697 1183 2767 capiendnmessenotavit
1192 2697 1268 2750 Dou·
1366 2748 1367 2751 ,

206 2786 253 2831 est.
265 2777 337 2845 Quid
350 2777 430 2847 igitur
441 2778 489 2830 sibi
500 2778 654 2844 voluerunt,
668 2779 712 2846 qui
760 2795 789 2828 aa
800 2795 806 2830 :
817 2787 846 2829 ut
857 2775 924 2846 apud
938 2777 1011 2846 Virg.
1024 2775 1130 2829 AEneid.
1144 2794 1170 2842 1,
1185 2789 1228 2827 ao:

204 2877 312 2911 censum
333 2856 397 2910 adeo
415 2859 522 2925 planum
542 2867 568 2909 et
589 2855 711 2921 facilem,
882 2857 1060 2909 Tyriarumque
1072 2867 1221 2896 venenum.

205 2934 349 2987 lectionum
370 2934 558 3001 incongruitate
577 2933 713 3002 perturba·
762 2930 845 3000 Quod
857 2930 957 2984 Pierius
968 2930 1099 2984 efficacius
1109 2949 1161 2984 esse
1174 2930 1265 2995 docet,

206 3021 289 3073 runt,
309 3010 404 3075 libros,
424 3011 464 3061 vel
479 3011 557 3062 etiam
574 3011 653 3062 MSS.
671 3009 713 3062 ad·
760 3014 964 3078 quamcredere.
977 3007 1031 3059 Sed
1043 3007 1264 3061 MSS.ttloretier

205 3086 350 3148 ducentes,
376 3105 488 3152 qnorum
509 3087 550 3137 alii
570 3106 633 3148 vot,
660 3106 713 3138 nux
760 3086 842 3151 alius,
866 3089 963 3137 venti:
983 3085 1068 3152 sorte,
1089 3087 1263 3136 cercitudine

206 3163 264 3225 alii,
280 3160 400 3212 nonnulli
415 3163 494 3212 etiarn
506 3167 666 3224 attestator,
686 3175 712 3217 et
760 3169 841 3224 vetati,
856 3165 1056 3216 Antvalr'doetc.
1065 3166 1134 3216 Cedo
1143 3164 1262 3222 lierbeke,

207 3235 411 3293 aliaistiusmodi
420 3255 487 3289 verae
499 3247 525 3288 et
536 3239 655 3305 genuinae
665 3240 712 3293 lec·
761 3240 813 3293 duo
822 3241 878 3293 libri
887 3243 1048 3307 :autmpr'la
1057 3238 1189 3306 sexscripti
1199 3258 1264 3291 tum

204 3317 270 3371 tioni
279 3313 493 3385 preposuerunt?
503 3313 581 3365 Unde
589 3316 712 3371 Heinsius
760 3318 843 3387 prima
855 3318 969 3372 editione
981 3341 988 3382 ς
1007 3320 1086 3372 etiam
1095 3319 1162 3370 bene
1174 3358 1182 3384 ,
1198 3338 1263 3370 nam

204 3400 259 3467 ipse
282 3392 419 3464 aliquando
446 3393 601 3462 cogitaverat
623 3414 710 3462 raom
759 3397 825 3467 ignia
837 3398 939 3466 proprie
948 3400 1059 3464 mpr'lus.
1068 3397 1165 3451 Bona.

203 3477 240 3530 ita
263 3486 310 3540 ut,
336 3474 379 3542 qni
399 3474 438 3526 vir
459 3493 500 3526 res
517 3492 709 3543 nonnunquam
794 3473 1265 3541 153.Arqueutimsnttteeteven-

204 3552 312 3621 caligine
328 3550 490 3603 densissimas
505 3551 642 3618 improvisa
653 3552 709 3605 luce
758 3560 799 3605 tua
817 3552 889 3604 enim
909 3552 1093 3605 vehementior
1112 3555 1265 3622 {requenter

205 3629 313 3702 feliciter
330 3626 515 3693 illustraverat,
534 3638 642 3696 repente
661 3648 708 3681 ca-
759 3629 854 3682 excutit
876 3628 960 3695 mala,
986 3649 1123 3701 pyraqne;
1152 3631 1198 3684 sed
1223 3634 1265 3702 ju-

205 3706 311 3776 ligaret,
325 3705 352 3756 in
366 3724 393 3756 re
406 3705 526 3757 omnium
537 3705 645 3759 minime
655 3708 710 3760 obs-
758 3705 863 3777 glandes
873 3705 990 3772 herem,
1008 3708 1124 3761 tenacius
1136 3707 1210 3777 ligno
1222 3709 1267 3762 ad-

206 3804 280 3847 cura;
294 3801 378 3850 neque
392 3781 433 3835 hic
445 3781 561 3847 videret,
574 3783 709 3851 quodalibi
757 3782 834 3846 ἥκῃ
859 3802 907 3835 nec
927 3793 1045 3850 temere,
1068 3785 1117 3836 nisi
1140 3789 1208 3840 saxis
1227 3800 1270 3841 aut

205 3861 303 3919 centies
321 3858 584 3912 animadvertendum
602 3881 710 3914 curave·
758 3861 854 3929 pertica
863 3880 894 3914 ex
906 3861 998 3914 arbore
1007 3863 1187 3916 excutiuntur.
1201 3866 1272 3918 Rur-

205 3951 259 4006 rat,
276 3939 376 4008 lapsum
388 3936 439 3990 scil.
454 3936 562 4003 calami,
577 3939 604 3991 in
621 3941 709 3994 exscri-
757 3957 800 3991 ruo
823 3939 921 3992 tructus
940 3938 999 4004 alii,
1027 3941 1074 3993 uhi
1093 3942 1273 3997 immaturae·

205 4016 297 4069 bandis
315 4014 436 4078 vocibus,
453 4012 587 4066 literarum
602 4015 671 4069 inter
682 4035 709 4070 ce
757 4026 836 4082 runt,
854 4027 945 4085 sponte
962 4017 990 4069 in
1010 4028 1111 4072 terram
1123 4021 1273 4086 decidunt;

205 4091 412 4161 configuratione
422 4090 565 4143 simillimis.
758 4093 828 4162 qnod
847 4112 901 4147 non
917 4095 1007 4158 Nuci;
1030 4096 1148 4166 ideoque
1170 4114 1273 4172 exoptat

241 4173 293 4239 157,
310 4173 358 4221 Ille
367 4189 445 4222 cruor.
458 4171 507 4220 Ille
515 4169 708 4222 coloret-ancos.
757 4172 803 4224 aihi
814 4172 839 4224 id
854 4192 957 4242 qnoque
970 4176 1088 4230 evenire.
1104 4177 1222 4235 Euasu.

244 4244 295 4295 151.
313 4248 371 4298 Aac
382 4266 447 4298 ceco
463 4249 559 4298 turbine
572 4252 642 4298 mli.
655 4249 710 4300 Ce-
793 4249 845 4301 165.
862 4252 917 4309 See,
930 4253 978 4302 uti
984 4255 1105 4307 detracta
1115 4263 1160 4308 es!
1167 4277 1186 4311 a
1195 4266 1222 4311 te
1230 4262 1277 4311 riti
1290 4290 1296 4294 -

205 4340 260 4374 cum
278 4319 337 4372 ideo
354 4336 445 4389 vocat,
466 4325 536 4393 quod
554 4325 644 4377 insano
662 4334 709 4377 tu-
757 4345 836 4379 causa
842 4331 937 4391 pen'clr'
945 4339 994 4382 etc.
1010 4330 1122 4399 Fabvalis
1136 4347 1272 4406 receptum

206 4397 291 4450 nrcrttu
303 4411 376 4466 ruat,
398 4413 424 4456 et
437 4413 531 4459 cuncta
545 4403 600 4459 rinc
615 4401 709 4459 diocri-
758 4416 796 4466 eet
812 4407 937 4475 rorum,
956 4427 1042 4477 qutun
1056 4425 1220 4483 venatores,
1241 4426 1270 4468 vt
