2790 4696
164 317 1221 347 mmmlstmmfimswmmum

412 508 788 615 EPISTOLA
837 511 953 621 XX.

568 786 808 814 ..ι-...-

344 1149 669 1236 ACONTIUS
710 1150 1045 1238 CYDIPPAE.*

165 1333 288 1437 PONE
305 1376 430 1433 metum
444 1388 452 1433 ε
466 1359 550 1433 nihil
567 1359 623 1434 hic
640 1359 759 1435 iterum
774 1360 901 1459 jurabis
918 1363 1061 1452 amanti3

213 1473 413 1547 Promissam
432 1475 511 1548 satis
528 1493 579 1549 est
596 1492 628 1548 te
645 1474 744 1550 semel
762 1504 832 1550 esse
849 1477 941 1550 mihi.
987 1501 991 1507 ·

165 1586 323 1683 Perlege:
341 1587 486 1663 discedat
503 1589 550 1662 sic
568 1617 706 1691 corpore
723 1589 865 1686 languor
882 1590 923 1665 ab
943 1592 1029 1679 isto,

195 1805 210 1833 '¹
222 1804 338 1859 Carmen
347 1806 472 1877 scripsisse
480 1805 670 1860 Callimachum
719 1805 881 1859 Bentleiaua.
899 1806 968 1859 hoca
985 1807 1064 1877 igitur
1080 1807 1225 1861 conserenti

164 1881 197 1936 de
211 1881 342 1955 Cydippen
359 1894 386 1938 et
398 1884 505 1939 Acontii
521 1885 669 1951 amoribus,
719 1883 838 1949 cuilibet,
854 1883 899 1936 uhi
912 1902 973 1937 curn
987 1882 1085 1937 Ovidio
1096 1887 1226 1938 consentit

164 1971 265 2014 constat
290 1981 305 2014 e
325 1963 476 2032 fragmentis
498 1981 555 2032 que
576 1962 670 2032 passim
722 1961 911 2027 Aristenaetus,
927 1961 1026 2031 patebit
1039 1971 1179 2030 utrumque
1196 1982 1227 2014 ex

163 2037 270 2108 disjecta
282 2039 350 2110 apud
363 2041 517 2094 Scholiastas
529 2053 556 2094 et
567 2041 670 2093 Gram-
720 2058 775 2092 uno
788 2039 933 2108 eodemque
951 2040 1024 2092 sorite
1040 2049 1226 2110 argumentum

163 2118 272 2172 maticos
284 2117 405 2186 collegit,
422 2118 599 2188 collectaque,
620 2139 671 2189 qua
720 2116 791 2171 idem
797 2116 924 2184 hausisse,
933 2116 1227 2187 quodprosuaquisque

162 2195 377 2266 prestatsolertia
385 2236 393 2262 ,
402 2196 537 2249 illustravit
546 2195 586 2250 Cl.
597 2195 671 2250 Rich'.
720 2194 836 2249 lubidine
848 2194 1014 2249 tractandum
1026 2195 1186 2249 exisu'mavit.

162 2271 307 2326 Bentleius.
316 2271 359 2339 (ad
370 2272 569 2340 Callimachum,
579 2284 642 2328 tom.
650 2289 671 2342 1,
756 2293 775 2326 1.
793 2276 863 2327 Pone
873 2280 964 2326 metum
982 2292 990 2325 .-
1005 2275 1072 2325 m'hr'l
1082 2275 1124 2325 hr'c
1139 2277 1227 2326 iterum

164 2369 189 2419 p.
196 2350 260 2415 305,
270 2369 325 2418 sqq.
335 2389 342 2415 ,
354 2349 415 2403 edit.
422 2349 577 2420 Spauheim)
585 2373 592 2416 ;
601 2351 671 2405 unde
713 2350 816 2419 jurabis
829 2356 935 2404 amanti.
950 2350 1045 2404 Prisce
1060 2349 1188 2405 editiones
1201 2362 1227 2404 et

162 2426 238 2481 facile
249 2427 371 2496 conjicias
384 2428 530 2497 Ovidium,
547 2431 592 2500 qui
602 2431 673 2484 mul-
720 2427 821 2484 codices
837 2428 957 2482 nonnulli
972 2446 1054 2481 manu
1067 2428 1161 2481 exarati
1176 2427 1226 2482 hoe.

164 2504 197 2556 tis
219 2504 247 2557 iu
269 2504 330 2558 locis
346 2504 537 2561 Callimachum
556 2508 672 2562 aemulari
720 2503 849 2560 distichon
865 2507 893 2560 iu
904 2507 992 2561 sroute
1010 2505 1088 2573 hujus
1105 2504 1227 2576 Epistola

163 2582 290 2649 tentavit,
308 2583 357 2637 hoc
374 2604 478 2654 quoque
498 2587 529 2639 ab
546 2606 579 2639 eo
595 2606 673 2657 argu-
720 2582 859 2638 exhibent:

163 2672 286 2713 mentum
303 2660 492 2732 depromsisse,
512 2663 584 2734 quod
604 2665 671 2718 mire
720 2672 1190 2726 Aoeipfflydippmtupeeumnmu,

163 2750 246 2811 poetar
258 2741 340 2794 nostri
355 2742 463 2812 ingenio
474 2742 611 2797 videbatur
622 2763 671 2797 ac-
744 2747 801 2784 ¹¹¹³¹¹t
809 2748 830 2785 ³¹¹
840 2760 898 2798 rw
907 2748 942 2799 φὶ
951 2747 987 2786 fill
995 2747 1054 2787 vert·
1062 2747 1124 2788 ‘¹0⁶³'-

163 2818 376 2885 commodatum;
396 2820 442 2874 sed
454 2821 489 2873 ita
501 2831 589 2876 tamen
603 2832 672 2876 trac-
720 2817 768 2873 Eo
783 2829 871 2872 autern
888 2819 943 2875 haec
960 2820 1075 2890 Epistola
1088 2819 1157 2874 soede
1173 2819 1227 2872 de-

163 2903 245 2961 tasse,
263 2908 291 2949 ut
304 2916 362 2966 que
377 2909 454 2967 poeta
468 2917 565 2969 graecus
580 2899 672 2953 leviter
720 2909 823 2967 pravata
836 2897 954 2967 plurimis
964 2899 992 2951 iu
1005 2897 1182 2951 locisttmm.
1191 2897 1226 2948 Et

163 2974 299 3043 attigerit,
337 2975 486 3046 diligentius
514 2977 670 3030 elaboranda
718 2975 805 3044 ipsum
820 2975 883 3028 illud
895 2974 1023 3029 distichon
1036 2974 1106 3027 varis
1120 2972 1225 3026 exhihe-

162 3051 317 3121 susciperet;
331 3072 433 3106 cavero
445 3053 602 3124 negligeret,
612 3073 671 3122 quas
719 3053 801 3105 turin
814 3052 895 3106 MSS.
910 3054 1016 3120 Excipe.
1029 3050 1149 3104 Leidens
1169 3049 1227 3100 Sus-

163 3129 236 3197 prior
246 3130 343 3197 optime
355 3132 509 3185 tractaverit
527 3131 672 3200 Quodqui-
714 3135 790 3196 pecti
800 3147 849 3198 pro
866 3131 996 3196 despecti,
1012 3127 1154 3179 Vossianus
1173 3142 1180 3176 z
1199 3135 1229 3175 ut

164 3203 227 3256 dem
239 3203 375 3259 dubitandi
388 3207 474 3260 locum
485 3209 514 3261 iis
526 3227 581 3262 uon
594 3208 671 3261 relin·
719 3205 801 3274 Epist
813 3203 922 3275 praeced.
937 3205 983 3270 148
998 3223 1005 3256 ε
1018 3204 1045 3256 A
1054 3206 1229 3270 tarsuspecto

164 3291 244 3350 quet,
265 3282 309 3350 qui
327 3302 381 3335 uon
395 3285 545 3338 nescierunt
565 3285 670 3337 Ariste·
718 3284 791 3333 duci!
811 3283 888 3333 Ulixe
897 3300 983 3347 genus.
997 3282 1105 3333 Camers
1116 3280 1226 3342 Aconti,

164 3368 283 3424 netum,
301 3360 345 3428 qui
362 3361 486 3414 eroticam
504 3361 571 3415 hanc
589 3361 672 3414 histo·
719 3356 1041 3428 Gottorphianus.1s!ins,
1062 3355 1142 3409 etiam
1158 3355 1226 3408 Μο-

165 3436 312 3489 riunculam
329 3436 390 3505 (Ep.
401 3453 428 3503 1,
448 3457 492 3504 ιο,
506 3457 530 3506 p.
547 3458 592 3504 υ,
609 3437 671 3491 edit
718 3436 777 3491 reti.
786 3433 962 3488 Ceterumhae
970 3432 1227 3502 ducEpistolaemihi

164 3512 318 3579 Abresch.),
336 3523 389 3566 tam
400 3525 508 3567 venuste
521 3514 670 3584 descripsit,
719 3514 751 3567 ah
770 3511 901 3568 ovidiana
917 3530 983 3564 vena
999 3529 1054 3563 nou
1070 3509 1170 3564 fluxisse
1183 3511 1227 3562 vi-

166 3588 318 3644 Callimachi
327 3592 437 3659 vestigiis
447 3592 482 3644 ita
494 3592 613 3661 protinus
623 3592 671 3646 ins·
719 3589 825 3645 deutur.
841 3591 873 3643 B.
888 3618 922 3630 -
935 3589 1036 3643 Durior
1053 3589 1123 3656 justo
1143 3589 1226 3642 llenr.

165 3667 261 3735 titisse,
286 3678 315 3721 ut
336 3679 419 3738 poetae
438 3668 533 3738 Elegos
551 3668 672 3738 sophista
719 3668 845 3737 stephan.
856 3666 1001 3732 sententia,
1016 3665 1060 3736 qui
1074 3685 1117 3720 eas
1129 3667 1169 3719 vel
1181 3665 1227 3737 ipsi

164 3745 384 3814 ingeniosissimus
403 3746 430 3798 iu
447 3746 594 3817 pedestrem
610 3766 671 3800 ser·
719 3745 818 3800 Sabino
831 3742 1185 3813 virtrihuendasjudicthat,
1199 3745 1226 3799 in

165 3841 274 3875 monem
288 3823 473 3877 tantummodo
484 3823 596 3877 solverit.
613 3824 672 3877 Do-
721 3823 806 3877 Diatr,
817 3822 849 3876 ad
860 3823 953 3876 Horat
965 3842 988 3891 p.
1002 3823 1040 3894 78.

165 3912 278 3954 currunt
304 3900 406 3969 pridem
430 3902 596 3956 eruditissimi
622 3902 671 3955 viri
751 3902 775 3955 3.
792 3904 953 3970 huguorab
964 3906 1022 3954 reto.
1039 3900 1163 3955 Francius
1174 3921 1226 3954 vo-

166 3979 280 4034 Mercer.
290 3980 321 4032 arl
332 3981 480 4033 Aristenoet
489 3979 671 4034 Hemsterhus.
718 3980 803 4046 lebat,
818 3980 952 4046 languidus
962 3983 1025 4046 isto,
1037 3989 1066 4034 ut
1075 3982 1228 4034 cumdolore

166 4057 198 4110 ad
208 4058 327 4128 Propert
335 4057 527 4113 etllhuukhen.
538 4057 569 4113 ad
579 4059 671 4128 fragm.
718 4057 932 4127 conjungeretur.
