2790 4696
162 311 227 376 252
487 308 752 377 EPISTOLA
780 310 890 380 xlv.

206 446 274 519 Ter
289 442 373 519 male
388 443 521 519 sublato
539 446 661 521 decidit
678 477 755 522 ense
774 466 906 522 manus.¹

160 559 305 632 Admovi
318 558 454 658 jugulo;
473 561 543 636 sine
561 592 613 636 me
631 563 694 636 tibi
710 592 785 636 vera
799 562 913 650 sateri3

209 676 353 751 Admovi
368 676 485 775 jugulo
502 678 567 752 tela
583 696 721 779 patema
739 658 809 752 tuo.

160 792 227 866 Sed
243 792 343 865 timor
359 809 393 866 et
407 795 513 893 pietas
532 793 722 868 crudelibus
738 793 870 868 obstitit
884 791 973 864 ausis
986 820 996 878 ;

212 908 376 1007 Castaque
394 909 584 984 mandatum
603 910 716 983 dextra
733 907 857 1001 refugit
874 925 970 1007 opus.

165 1023 357 1123 Purpureos
375 1023 496 1099 laniata
513 1026 623 1111 sinus,
641 1024 763 1099 laniata
780 1021 939 1124 capillos,
1009 1063 1013 1069 ·

211 1137 343 1231 Exiguo
362 1138 431 1210 dixi
450 1137 527 1212 talia
543 1140 644 1213 verba
660 1167 767 1212 sono:

165 1251 293 1337 Saevus,
312 1246 590 1351 Hypermnestra,
609 1271 703 1353 pater
719 1251 873 1327 esttibi:
888 1240 980 1348 jussa
995 1252 1142 1350 parentis

211 1367 333 1455 Effice;
356 1369 518 1463 germanis
536 1370 580 1441 sit
597 1396 706 1442 eomes
722 1368 784 1441 iste
801 1367 880 1439 suis.

164 1482 299 1556 Femina
315 1511 405 1569 sum,
424 1500 457 1554 et
473 1483 583 1576 virgo,
601 1501 720 1556 natura
736 1481 844 1567 mitis,
863 1497 897 1554 et
914 1479 1010 1552 annis
1026 1509 1034 1553 :
1198 1503 1227 1556 55

212 1598 290 1668 Non
308 1594 434 1670 sariunt
450 1595 568 1671 molles
584 1598 625 1670 ad
642 1597 711 1671 sera
728 1596 792 1670 tela
807 1623 935 1669 manus.

168 1711 262 1807 Quin
281 1739 359 1805 age,
378 1712 522 1812 dumque
539 1712 644 1811 jacet,
660 1712 763 1785 sortes
779 1711 908 1784 imitare
926 1738 1079 1784 sorores:

212 1827 380 1902 Credibile
398 1846 449 1902 est
466 1856 566 1902 caesos
584 1828 742 1901 omnibus
755 1855 825 1900 esse
843 1826 945 1900 viros.

165 1942 201 2015 Si
214 1973 331 2017 manus
348 1943 418 2017 haec
435 1942 579 2043 aliquam
595 1961 709 2044 posset
726 1943 931 2017 committere
949 1942 1088 2034 caedem,

215 2059 328 2150 Morte
344 2056 431 2130 soret
447 2056 589 2130 dominae
606 2056 859 2152 sanguinolenta
876 2086 952 2131 suae.
1197 2079 1229 2131 60

168 2170 262 2266 Quid
279 2197 426 2243 meruere
442 2198 576 2259 necem,
592 2169 754 2270 patruelia
771 2200 873 2266 regna
890 2170 1051 2261 tenendo,

211 2287 296 2384 Qua
314 2303 422 2358 tamen
439 2285 582 2359 externis
601 2285 709 2367 danda
724 2285 837 2362 forent
853 2287 1009 2383 generis?

194 2503 235 2570 46.
251 2504 358 2557 Decidit
366 2522 428 2557 ense
441 2525 538 2559 manes.
559 2509 678 2560 concili!
723 2506 831 2562 herere.
849 2536 881 2548 -
892 2509 929 2561 At
945 2507 1010 2561 mihi
1027 2506 1135 2577 quidem
1147 2507 1174 2561 in
1190 2525 1232 2559 re-

166 2601 197 2635 ex
215 2580 315 2651 scriptis
330 2601 384 2635 nou
403 2584 478 2653 pauci
490 2604 497 2637 :
508 2603 576 2637 unus
595 2586 675 2637 Pata-
723 2598 798 2656 cepto
816 2585 924 2640 disticho
942 2584 1006 2637 nihil
1023 2593 1159 2652 tantopere
1175 2582 1232 2637 dis-

165 2660 241 2713 vinus
260 2663 359 2714 cecidit.
381 2662 531 2716 Puteaneus
548 2660 674 2715 mendose
723 2664 816 2733 plicet,
837 2673 866 2714 ut
883 2663 968 2731 potius
985 2659 1016 2712 ad
1037 2661 1232 2714 correctionem

164 2741 279 2791 tetendit.
301 2739 423 2793 Emenda
435 2743 532 2793 recidet.
546 2738 592 2791 Est
602 2738 674 2791 enim
723 2760 876 2807 recurrere,
903 2757 981 2809 quam
1003 2736 1066 2789 illud
1089 2735 1232 2794 admittere

165 2817 285 2887 ambigua
301 2818 385 2887 prima
398 2817 509 2890 syllaba,
525 2826 555 2868 ut
567 2812 674 2884 Gipba-
721 2817 818 2872 malim.
838 2817 896 2886 ipsa
915 2816 987 2870 enim
1009 2813 1050 2866 illa
1069 2819 1228 2885 tautologia,

161 2896 221 2949 nius
235 2894 261 2947 in
276 2894 366 2949 indice
378 2894 534 2948 Lucretiano
545 2893 599 2960 jam
607 2911 673 2946 mo-
721 2915 771 2949 noa
779 2895 903 2964 egosalsa
912 2897 1003 2962 loquar.
1015 2921 1047 2931 -
1059 2893 1118 2944 Sine
1131 2913 1172 2946 me
1183 2897 1232 2948 tite·

165 2973 231 3026 uuit.
247 2973 348 3028 Herus.
720 2972 880 3040 oemsaten',
901 2991 932 3025 ex
946 2972 1164 3044 Hypermnestrre
1174 2991 1232 3041 per-

196 3055 235 3122 47.
248 3049 454 3119 Admorijmlo
464 3058 512 3102 etc.
520 3047 564 3101 Sic
575 3049 674 3104 Putea·
720 3069 783 3105 sona
795 3048 932 3103 veritatem
942 3049 1029 3103 habet.
1042 3050 1111 3104 Nam
1122 3050 1232 3118 etsalsae

163 3126 501 3198 neusetquidamalii3dum
511 3126 672 3183 auteaediti:
720 3128 792 3198 loqui
806 3127 930 3195 uolebat,
951 3139 977 3180 et
996 3139 1085 3180 tamen
1106 3127 1185 3180 etiam
1198 3126 1234 3179 ti-

162 3217 191 3256 ae
201 3232 268 3256 renus
277 3217 355 3257 moniti·
364 3218 459 3270 jussuque
467 3225 532 3257 emet·
542 3219 643 3269 mo»,
721 3205 824 3272 ruebat,
835 3225 869 3258 ne
876 3205 1013 3259 latendum
1023 3224 1096 3265 vera,
1110 3205 1230 3257 animum

187 3291 275 3330 Admovi
283 3297 322 3330 oto
722 3303 774 3336 ase
786 3284 873 3336 mariti
886 3283 1018 3336 alienaret.
1031 3283 1153 3334 Lernen.

162 3362 281 3418 Lincoln.
295 3364 382 3418 locum
392 3362 429 3418 sic
440 3364 590 3420 exhibebat:
753 3360 794 3414 bo.
812 3363 935 3413 Domr'nae.
950 3360 1233 3424 Moreti.d0m1'm‘51¹'‚⁰

165 3452 252 3492 aenove
261 3455 345 3505 ju3m5
355 3455 397 3492 om
406 3467 437 3493 ue
447 3452 483 3492 riht
492 3454 616 3505 vemt-1253
722 3450 749 3493 et
760 3450 847 3509 posset
857 3438 889 3492 de
902 3439 996 3492 Danao
1010 3438 1064 3506 capi
1075 3477 1082 3502 ,
1097 3438 1142 3505 qui
1155 3436 1235 3490 tradi-

185 3526 254 3565 Ments
262 3527 317 3578 sequi
326 3527 369 3566 din
377 3526 431 3578 irus·
439 3536 519 3580 paterna
527 3528 601 3568 voleus.
722 3517 798 3571 (ierat
809 3535 900 3571 ensem
913 3537 920 3570 2
932 3535 987 3586 sup.
1000 3535 1064 3569 vers.
1080 3536 1117 3568 11.

162 3596 250 3637 Tucim
258 3599 310 3637 vieta
318 3600 357 3638 mi
366 3612 416 3639 1011
425 3599 529 3639 formidine
540 3600 615 3651 putris,
755 3596 795 3649 61,
811 3598 996 3663 Que'dmemcm
1006 3611 1099 3646 necem,
1114 3594 1170 3659 Quo
1179 3593 1236 3646 Pu.

186 3671 257 3712 nume
266 3684 301 3723 W
310 3674 401 3724 jugulum
412 3674 451 3712 tel·
459 3686 537 3713 novere
545 3681 610 3713 ’Μ’
723 3682 830 3726 teaneus
841 3693 848 3726 z
859 3673 935 3725 bene.
949 3672 1000 3726 Atii
1008 3669 1125 3737 codices,
1138 3674 1231 3737 Harl,

163 3741 246 3810 Quod
265 3745 307 3797 vix
325 3746 508 3812 tolerandum
525 3746 597 3800 uude
617 3766 673 3816 pu·
723 3752 781 3814 Aa,
794 3759 822 3802 et
832 3752 895 3801 Non.
908 3748 995 3802 Valer.
1005 3748 1120 3815 Flaoc.1,
1135 3750 1197 3822 319:

162 3819 233 3873 tabat
247 3820 287 3874 Cl.
302 3824 426 3878 Heinsius
439 3836 525 3878 totum
539 3824 589 3879 hoc
601 3823 675 3880 disti-
722 3831 767 3881 ΟΝ
774 3830 1022 3883 ffifltfflmfflvffl
1089 3830 1173 3870 ΗΜ·

162 3895 232 3951 chon
249 3917 303 3951 esse
322 3903 545 3972 expungendum,
568 3913 675 3973 utpote
755 3904 796 3957 62.
819 3904 880 3969 Qu
888 3909 973 3957 lamen
981 3909 1095 3957 extemis
1103 3900 1234 3970 hadasa·

163 3974 675 4050 confictumasciolo,quisuperioraeum
722 3982 1113 4048 notgenen's.Proetermorem
1123 3980 1233 4037 Ovidia-

162 4052 334 4124 sequentibus
353 4056 526 4114 arbitrabatur
548 4078 603 4115 non
624 4078 676 4122 coe
724 4077 790 4118 uum
806 4069 862 4131 est,
884 4069 913 4118 ut
932 4061 961 4116 in
982 4060 1145 4132 trisyllabum
1161 4068 1237 4117 exeat
