2790 4696
380 108 728 179 HIPPOLYTUS
758 115 1006 188 PHAEDRAE.
1179 129 1222 218 95

161 249 329 337 Peccavit,
349 249 551 350 quicumque
569 250 661 349 cupit
679 281 812 352 peccare
828 284 836 327 :
850 254 1005 332 voluntas

212 365 310 452 Sola,
328 394 390 438 nec
407 363 551 437 admisso
569 365 723 454 crimine,
743 368 866 443 crimen
883 369 995 445 habet
1178 400 1229 451 250

162 483 240 555 Jam
255 481 323 579 jam
341 478 517 578 Cecropias
534 478 604 555 brec
619 480 683 553 ibit
699 480 785 555 fama
800 511 861 583 per
877 484 996 574 urbes,

214 600 259 670 Et
277 625 342 696 qua
358 595 483 697 spargit
501 624 580 669 avus
598 594 739 684 lumina,
758 626 874 671 rumor
886 599 961 673 eris.

164 716 245 815 Ipsa
262 713 311 785 tui
327 711 385 786 fies
402 713 500 787 intlex
517 712 690 789 manifesta
706 713 859 788 doloris:

219 828 424 929 Conceptum
442 828 530 903 haud
547 828 675 930 poteris
690 828 897 905 dissimulare
914 829 1017 905 nefas.

168 944 239 1017 Cur
254 943 300 1016 ita
317 943 491 1031 vaticinor,
511 944 655 1045 quaeis?
673 944 751 1045 qnia
768 946 855 1021 victa
872 949 983 1020 lurore
1001 975 1046 1021 es.
1184 975 1233 1028 255

214 1054 305 1130 Talis
323 1086 417 1131 amor
433 1059 528 1131 luror
544 1076 610 1146 est,
630 1058 855 1160 indiciumque
874 1060 937 1133 sni.

166 1173 203 1246 Si
221 1190 328 1248 tamen
345 1174 409 1248 boc
427 1192 525 1270 urget
541 1173 646 1248 satum
663 1174 849 1263 blinoidas,
862 1194 896 1249 at
912 1203 994 1264 nos,

215 1287 359 1382 Sanguis
375 1288 633 1379 Amazonidm
653 1289 752 1363 turba
769 1290 891 1390 pudica
907 1318 1032 1365 sumus.

168 1401 205 1474 si
221 1400 326 1498 legem
343 1403 410 1499 legi
428 1405 479 1479 vis
496 1404 626 1492 cedere;
647 1404 741 1479 cedat
757 1406 907 1482 honesta

215 1519 360 1621 Turpis;
377 1521 568 1595 Amazonia
587 1520 731 1594 Gnossia
747 1540 856 1596 vestra
873 1550 962 1598 meae.
1187 1548 1237 1601 260

170 1634 235 1710 sed
251 1636 337 1710 bene
356 1635 559 1710 conveniunt
576 1638 756 1725 contraria,
774 1637 883 1736 jndice
901 1637 1060 1714 Phaedra:

217 1753 303 1823 Nam
318 1751 426 1839 nitor,
445 1768 478 1823 et
489 1768 606 1824 nostro
624 1751 735 1853 pulvis
752 1754 787 1826 in
806 1781 863 1826 ore
882 1752 993 1843 decet;

171 1870 217 1941 Et
234 1867 342 1961 rigor,
360 1885 393 1940 et
410 1867 536 1954 cultus,
555 1885 590 1943 et
604 1869 707 1942 vincti
723 1868 805 1943 llore
822 1869 953 1970 capilli,

222 1982 452 2085 Neglectaeque
466 1984 585 2058 decent
602 2002 636 2058 et
653 1986 723 2058 sine
741 1983 813 2079 lege
831 2012 945 2059 comae.

172 2099 322 2174 Horrida
337 2127 423 2173 nnnc
437 2098 562 2200 placet,
581 2099 785 2200 hirsutisqne
804 2099 1015 2175 accommoda
1031 2098 1138 2189 silvis3
1189 2125 1238 2176 265

224 2214 310 2311 Qua
326 2215 467 2316 primum
484 2214 626 2316 placuit,
645 2215 784 2289 candida
802 2216 902 2289 vestis
919 2234 998 2291 erat.

171 2333 219 2404 Et
236 2357 295 2403 cur
310 2357 378 2402 non
395 2359 504 2404 mores
518 2330 633 2431 potius
649 2330 768 2402 mirare
783 2329 949 2428 pudicos?

224 2447 294 2520 Hac
312 2447 374 2520 tibi
390 2476 462 2521 non
480 2447 592 2519 lonnae
611 2444 707 2519 laude
724 2443 921 2546 probandus
936 2473 1035 2519 eram.

173 2562 287 2659 Quum
303 2561 421 2636 faciem
439 2579 569 2636 tantum
585 2560 716 2647 laudas,
734 2559 929 2661 cultusque,
948 2589 1140 2662 comasque,

222 2677 382 2750 Ponentis
397 2675 535 2777 laqueos
553 2675 657 2749 uteris
676 2691 744 2748 arte
762 2673 860 2775 lupae.
1191 2715 1240 2767 270

170 2794 229 2867 Sic
244 2793 407 2868 blandum
426 2795 519 2868 tenui
537 2792 617 2865 dum
634 2790 747 2865 fundit
763 2790 925 2864 arundine
942 2819 1092 2881 cannen,

223 2912 357 3012 Decipit
374 2912 522 2984 incautas
539 2909 692 2983 carminis
709 2924 826 2981 auctor
843 2935 926 2981 aves.

170 3024 322 3099 Credula
338 3026 385 3096 sic
403 3043 517 3099 tenero
535 3025 615 3097 dum
630 3025 725 3097 Siren
743 3041 878 3124 pectora
895 3040 994 3096 cantu

228 3139 372 3225 Mulcet,
389 3140 425 3212 in
442 3141 578 3215 exitium
596 3168 743 3239 caecaquc
761 3167 838 3211 saxa
855 3138 965 3211 trabit.

170 3256 327 3342 Scimus,
347 3282 420 3355 quae
435 3254 558 3330 lateant
574 3255 632 3329 illo
652 3256 715 3329 sub
735 3254 865 3349 gurgite
883 3253 1020 3353 Syrtes!
1193 3271 1241 3339 ²7⁵

228 3373 353 3445 Nostra
370 3399 431 3472 pcr
445 3372 504 3446 has
520 3400 701 3472 numquam
720 3367 837 3470 cymba
854 3366 978 3440 feretur
994 3392 1105 3464 aquas.
1174 3425 1179 3433 .

169 3487 250 3562 Nec
266 3488 438 3590 precibus,
455 3518 515 3564 nec
533 3518 584 3564 mc
602 3487 770 3588 lacrymis,
788 3514 849 3559 nec
867 3482 963 3557 laude
980 3481 1143 3570 movebis;

229 3606 293 3677 Hic
310 3633 444 3706 pergam
463 3605 554 3680 silvis
571 3605 685 3679 durior
698 3632 768 3678 esse
785 3603 876 3677 meis.

173 3716 254 3794 lloc
272 3722 430 3823 scopulos
446 3723 592 3811 vincam,
611 3739 834 3820 montanaque
852 3745 929 3792 saxa
945 3715 1078 3812 rigore:

173 3832 184 3853 ⁸
228 3839 338 3934 Quem
354 3840 474 3915 melius
492 3838 654 3928 celebres,
672 3867 724 3912 me
742 3837 836 3920 decet
853 3836 915 3909 iste
932 3834 1033 3929 rigor.
1196 3854 1253 3911 ato.
