2790 4696
411 342 1034 414 ACONTIUSCYDIPPAE..
1155 348 1218 416 365

211 480 289 552 Non
305 496 401 580 potes
417 481 483 554 hoc
500 480 622 554 sactum
639 499 720 558 teste
737 510 856 578 negare
874 484 954 556 Dea.

161 594 294 682 Adfuit,
314 613 346 669 et
362 625 522 696 praesens,
542 614 580 670 ut
596 615 705 686 erant,
724 615 781 670 tua
797 597 898 670 verba
914 595 1062 671 notavit:

210 708 257 783 Et
273 711 341 784 visa
359 730 409 785 est
425 729 515 786 mota
532 712 620 786 dicta
639 712 798 813 probasse
816 741 918 786 coma.

161 827 342 927 Deceptam
358 825 447 901 dicas
464 845 578 901 nostra
596 845 627 901 te
644 826 759 902 fraude
774 826 907 914 licebit,

212 942 301 1015 Dum
316 942 442 1017 fraudis
457 961 578 1016 nostrae
594 970 691 1016 causa
707 941 832 1016 seratur
849 971 949 1016 amor.

163 1060 267 1131 Fraus
285 1058 357 1133 mea
374 1060 454 1160 qnid
472 1060 584 1161 petiit,
602 1058 669 1131 nisi
688 1086 755 1158 quo
773 1058 836 1131 tibi
852 1058 1007 1156 jungerer
1021 1059 1106 1131 uni?

212 1173 252 1246 ld
268 1203 335 1262 mc,
356 1175 447 1275 quod
466 1174 629 1276 quereris,
649 1172 823 1246 conciliare
841 1191 963 1273 potest.

164 1290 242 1362 Non
260 1319 321 1385 ego
339 1308 470 1378 natura,
489 1320 550 1365 nec
568 1318 641 1364 sum
659 1307 726 1362 tam
744 1288 883 1362 callidus
899 1317 987 1362 usu:
1195 1307 1226 1361 25

213 1403 373 1478 Solcrtem
391 1422 424 1478 tu
443 1434 511 1491 me,
531 1403 626 1478 crede
644 1403 770 1504 puella,
789 1405 879 1478 sacis.

164 1518 213 1591 Tc
227 1519 309 1591 mihi
327 1520 537 1619 compositis,
556 1520 585 1591 si
603 1518 685 1619 qnid
702 1537 811 1593 tamen
829 1520 956 1615 egimus
974 1535 1058 1607 arte,

213 1633 401 1708 Adstrinxit
416 1636 526 1709 verbis
544 1636 736 1731 ingeniosus
752 1638 867 1709 Amor.

166 1749 306 1824 Dictatis
323 1752 365 1825 ab
383 1780 423 1824 eo
440 1750 502 1825 feci
517 1751 686 1852 sponsalia
699 1752 828 1839 verbis3

201 1994 237 2046 18.
255 1997 312 2047 Non
317 1996 445 2062 potestve
447 1993 549 2061 facium
557 2000 623 2047 teste
629 2012 671 2046 ne·
719 1993 794 2058 dem,
810 1989 928 2060 plurimis
940 2010 971 2043 ex
981 1989 1036 2060 ipso
1046 1989 1158 2057 Ovidio,
1169 2011 1226 2062 quer

163 2090 224 2136 gare
232 2073 297 2124 Dea.
308 2073 386 2124 Forte
391 2079 495 2138 pactum
505 2091 513 2123 .·
523 2082 553 2123 ut
560 2083 587 2124 et
595 2071 671 2139 paulo
719 2071 814 2140 possim
829 2068 946 2135 adferre,
959 2067 1033 2121 liceat
1047 2079 1073 2121 et
1084 2069 1143 2122 satis
1152 2071 1184 2123 sit
1194 2072 1225 2123 ad

165 2158 237 2217 post:
719 2158 805 2217 partes
815 2146 857 2200 hic
875 2145 990 2214 Quintil.
1005 2144 1148 2212 advocare,
1163 2150 1225 2217 qui,

165 2230 460 2280 suo-muanommr
720 2225 803 2278 lustu
814 2224 890 2279 oni.
905 2240 948 2290 ικ,
962 2244 971 2275 ι
984 2241 991 2276 2
1005 2223 1174 2277 «Plurimum
1187 2235 1229 2278 ta-

163 2304 249 2371 Supra
256 2309 360 2371 pactam
361 2306 442 2372 fidem
455 2301 573 2372 appellat.
719 2322 781 2355 men
789 2301 821 2356 ad
831 2300 1088 2355 commendationem
1096 2303 1226 2370 faciesve

199 2398 238 2432 20.
254 2382 408 2433 diotadicia
423 2386 602 2435 iuii'ssecoma.
616 2383 673 2435 No-
718 2382 747 2433 in
756 2383 923 2434 concie'andis
932 2379 1029 2449 agentis
1040 2381 1165 2448 moribus,
1174 2383 1227 2436 sive
1328 2409 1331 2415 =

165 2465 236 2510 lasse
243 2459 318 2511 multi
327 2479 357 2512 cx
364 2460 671 2530 scriptisssronovianus,
720 2457 753 2512 ad
765 2457 971 2529 promerendum
981 2458 1075 2511 actioni
1085 2459 1227 2513 savorem.»

165 2536 322 2589 tlxoniensis
332 2548 358 2590 et
373 2538 520 2605 hidensis,
531 2542 671 2607 probasse.-
759 2541 799 2589 25.
824 2538 939 2590 Callidus
954 2554 1009 2588 ssu.
1029 2537 1093 2589 Arie
1112 2536 1227 2606 quidam.

166 2614 237 2683 qnod
246 2635 337 2668 verum
350 2625 395 2669 est.
409 2617 491 2669 lomi.
720 2613 881 2685 Argentinus
890 2618 957 2666 asim

198 2695 237 2746 23.
254 2696 601 2762 llisiuiiiibijurrgeterm'.
617 2695 673 2759 Quo
752 2714 791 2763 27.
801 2696 898 2762 u'quid
904 2697 1092 2760 terreremus
1100 2696 1229 2762 4114.Εῄ-

166 2777 215 2827 tibi
219 2774 341 2841 jungerer
353 2776 432 2828 etiam
448 2775 540 2827 Douza
555 2773 673 2843 legebat:
719 2789 774 2823 mes
789 2776 863 2832 anie,
883 2770 936 2823 duo
952 2770 1011 2824 libri
1024 2791 1031 2825 ι
1043 2777 1138 2840 egebis
1155 2791 1174 2825 a
1189 2793 1228 2825 me

166 2851 210 2907 sed
221 2855 288 2906 sorte
300 2865 384 2908 totum
392 2853 519 2907 distichon
530 2854 565 2905 ita
575 2853 673 2906 consti-
719 2850 886 2914 Puteaneus3
898 2850 949 2904 hoc
961 2861 1009 2917 est,
1022 2870 1036 2903 a
1047 2870 1091 2904 me
1103 2853 1229 2920 composi·

169 2931 310 2984 tuendum:
719 2928 767 2981 tis:
778 2947 826 2998 pro
837 2935 997 2995 compositis,
1010 2933 1148 2996 conspicis,
1159 2929 1229 2980 Vos-

166 3022 228 3060 rmu
240 3034 282 3060 ne·
290 3023 339 3073 quaa
347 3023 414 3073 penu,
424 3022 462 3060 sui
472 3035 511 3074 quo
524 3021 560 3059 uu
568 3019 673 3072 jungerer?
718 3006 819 3060 sianus:
829 3008 896 3060 torte
908 3011 1041 3074 conceptis.
1055 3006 1154 3058 Herus.

752 3105 793 3156 ²9·
800 3087 916 3137 Dictatis
926 3086 959 3135 ab
970 3082 1168 3135 coterellorum
1178 3077 1228 3131 hoc

192 3168 436 3218 tune,q=u›‹tquemi·‚
446 3168 549 3206 ‘miluo
557 3175 626 3217 potae
720 3159 848 3215 distichon
862 3161 939 3229 longe
953 3169 1087 3213 remotum
1107 3157 1171 3211 mihi
1184 3158 1228 3209 vi-

168 3241 533 3310 Hocunicum‚quodquercn's
547 3239 672 3308 (itaenim
721 3238 799 3290 detur
823 3257 838 3290 a
860 3238 970 3291 Nasonis
991 3236 1126 3305 elegantia.
1157 3233 1229 3288 Nihil

168 3329 267 3371 veteres
275 3319 368 3386 locuti,
384 3338 432 3388 pro
443 3322 475 3372 ie
486 3339 534 3387 quo
543 3319 671 3387 querens),
720 3314 1046 3383 etiamsequenscontinet‚
1054 3312 1228 3380 nisijeinnam

167 3396 255 3451 meriti
263 3396 348 3448 locum
358 3396 450 3462 habet,
464 3407 491 3448 et
502 3416 544 3448 me
558 3397 604 3448 tibi
613 3414 674 3447 con·
721 3411 814 3446 eorum
826 3391 1008 3461 repetitionem
1021 3409 1079 3459 quae
1091 3390 1145 3458 jam
1159 3408 1182 3441 ν.
1197 3409 1226 3441 21

168 3476 252 3528 eiliare
265 3486 356 3544 potest.
365 3475 461 3528 Buuu.
472 3474 619 3544 Ingeniosa,
628 3473 674 3527 sed
721 3483 747 3525 et
758 3491 813 3540 sqq.
825 3469 918 3522 melius
927 3468 1004 3539 longe
1016 3467 1122 3520 dixerat.
1132 3469 1230 3522 Versus

169 3571 222 3605 non
236 3553 378 3606 necessaria
388 3552 522 3606 correctio.
538 3552 658 3604 Lessa».
721 3550 785 3603 item
808 3547 861 3612 33,
884 3545 953 3598 haud
974 3545 1102 3600 sententia
1123 3544 1228 3611 minus,

201 3633 240 3697 ²4·
258 3634 292 3683 Id
300 3652 354 3693 me,
371 3634 440 3700 quod
453 3635 575 3699 querens,
588 3634 675 3682 corci-
722 3645 802 3695 quam
822 3623 935 3677 dictione
956 3623 1084 3694 frigidus:
1100 3642 1150 3676 nec
1170 3623 1229 3676 satis

167 3711 231 3762 leiim
241 3720 288 3763 etc
298 3710 413 3763 Malebat
423 3709 463 3762 hic
476 3709 525 3777 legi
536 3706 674 3779 Heinsius:
721 3705 852 3774 intelligo,
866 3702 1000 3772 quomodo
1018 3721 1082 3755 vers.
1093 3703 1141 3768 34,
1151 3702 1230 3769 smu-

168 3798 205 3836 m·
214 3796 328 3848 uti,quot
337 3797 468 3848 qemun.
722 3789 778 3839 iem
786 3796 861 3839 vocet
871 3783 1012 3850 Acontius,
1021 3782 1091 3852 quod
1103 3781 1229 3854 Cydippe

169 3871 208 3923 Ut
217 3880 276 3940 pote
286 3870 330 3939 qui
340 3869 412 3922 valde
422 3880 566 3939 suspectam
575 3868 675 3923 habue-
722 3864 800 3919 verba
807 3864 894 3916 mittat
902 3862 1035 3932 rogantia
1044 3871 1088 3914 aut
1095 3859 1229 3930 quomodo

169 3949 202 4001 rit
215 3950 359 4019 vulgatam,
370 3948 440 4019 quod
452 3950 531 4002 verbo
540 3952 675 4003 conciliare
715 3943 820 4011 stadis
834 3943 889 3995 ltaec
904 3941 1031 3995 confessio
1044 3959 1105 3993 cum
1122 3937 1229 3993 exordio

170 4028 272 4080 nullum
300 4027 453 4095 adjunctum
480 4026 579 4081 viderat
601 4025 675 4079 dati·
724 4020 997 4091 Epistolaeconveniat
1005 4019 1228 4075 Lusum-Feci.

172 4124 233 4159 rum
246 4124 370 4176 persone.
381 4105 435 4160 Sed
441 4145 450 4174 ‚
460 4104 572 4172 omissis,
581 4103 677 4175 etqui·
723 4103 790 4155 Misi
799 4100 947 4155 Berneusis.
