2754 5160
154 747 220 833 tae

347 745 416 816 sn
444 745 641 818 urvruru
670 732 960 820 Aucusruu

202 889 312 985 Quam
328 886 356 958 si
373 888 530 960 Romane
546 888 704 988 principis
722 889 792 962 edis
811 892 922 991 opus?

153 1007 234 1079 Fato
248 1020 382 1077 manent
395 1031 530 1077 omnes:
548 1031 661 1076 omnes
677 1022 846 1104 exspectat
863 1033 980 1080 avarus

202 1119 366 1207 Portitor;
380 1135 414 1193 et
430 1118 536 1192 turbe
550 1118 604 1190 vix
621 1119 701 1191 sotis
717 1145 784 1192 une
800 1119 890 1192 ratis.

155 1233 336 1308 Tendimus
351 1234 417 1307 huc
433 1261 547 1308 omnes
563 1263 570 1307 :
584 1250 704 1307 metam
720 1260 936 1333 properamus
955 1232 998 1306 nd
1013 1253 1134 1310 unam:

205 1347 329 1420 Omnia
346 1349 410 1421 sub
427 1347 516 1444 leges
534 1377 625 1422 mors
640 1362 736 1420 vocnt
752 1363 822 1421 atra
838 1375 922 1421 suas.

1173 1370 1220 1424 sto

157 1464 242 1536 Ecce
259 1491 371 1537 necem
387 1465 547 1539 intentam
563 1462 658 1551 celo,
679 1480 852 1563 teneque,
866 1463 1039 1564 fictoque,

206 1577 431 1681 Casummque
447 1579 567 1680 triplex
582 1579 800 1653 vaticinentur
817 1606 912 1678 opus.

157 1692 295 1779 inune,
314 1711 360 1780 et,
381 1695 480 1768 rebus
498 1712 588 1769 tanta
606 1693 814 1795 impendente
829 1694 943 1782 ruina,

184 1802 246 1877 'ln
262 1821 293 1877 te
310 1805 414 1878 solam
430 1806 545 1880 oculos
562 1826 595 1881 et
612 1825 670 1881 tua
686 1807 802 1890 damno
817 1806 910 1882 refer.

159 1920 324 1994 Maximus
339 1919 394 1994 ille
410 1921 542 2021 quidem
556 1923 730 2019 juvenum,
748 1951 824 2023 spes
840 1923 977 2023 publice
991 1925 1089 2014 rixit;
1169 1949 1217 2001 365

206 2036 270 2124 Et,
290 2064 354 2135 qna
368 2053 466 2110 natus
482 2054 567 2125 erat,
584 2034 690 2130 gloria
702 2064 828 2110 summa
846 2037 974 2112 domus.

193 2231 249 2284 356.
274 2234 355 2297 Quam
371 2237 399 2284 ss·
411 2234 532 2286 liorem
542 2237 665 2301 prr'acr’pr‘s

162 2310 216 2361 edis
223 2327 291 2375 opus.
305 2308 396 2377 Quam
405 2308 425 2362 si
433 2314 571 2377 principem
583 2319 626 2376 te,
638 2319 666 2362 et

162 2387 303 2438 Romam
315 2386 421 2454 quidem
432 2387 587 2456 prestiteris.

195 2464 250 2515 358.
272 2466 358 2516 Tarde
376 2469 421 2516 υιὲτ
440 2470 506 2517 sats‘s
527 2485 578 2518 nna
596 2469 667 2518 ratri.

54 2553 56 2559 '
162 2539 271 2593 Petron.
283 2539 395 2610 Specim.
408 2541 475 2593 Belli
486 2541 579 2608 civilis,
596 2555 656 2610 ¹¹7²

287 2675 292 2684 .
365 2643 404 2682 Vix
411 2642 499 2694 squslids
506 2641 620 2681 Porthmeus

164 2713 247 2753 suffiotu
255 2715 358 2754 simulacre
364 2716 429 2755 vtum
436 2715 536 2754 tmdneere
545 2714 626 2768 cymba:

165 2788 229 2826 Classe
236 2801 285 2839 opus
293 2797 328 2827 eet.

196 2864 253 2918 362.
272 2867 436 2936 casurumque
458 2869 549 2936 triplex
571 2869 669 2918 vatici-

163 2949 259 2994 nantur
271 2963 340 3011 opus.
363 2943 450 2997 Editio
466 2945 670 3013 primasium

165 3023 256 3084 Implet
266 3026 423 3073 nutriebatur
428 3040 497 3087 opus.
511 3021 590 3074 Unde
607 3040 670 3091 pas-

165 3094 217 3146 sive
232 3096 391 3149 sumendum
403 3102 569 3159 vatr‘cr’ualur,
586 3097 672 3165 conji-

165 3171 249 3223 ciebat
266 3172 394 3244 Micyllus.
423 3173 487 3226 utta
506 3192 615 3238 omnes,
641 3184 671 3226 ut

166 3245 312 3312 edidimus;
328 3259 355 3300 et
373 3249 478 3318 accipias
494 3249 527 3303 de
546 3249 671 3302 Philoso-

166 3323 239 3395 pbis,
259 3325 299 3378 rel
317 3326 448 3399 Sibyllinis
462 3327 591 3392 oraculis,
613 3345 671 3396 que

165 3410 286 3458 sistentem
301 3409 367 3459 haec
378 3425 463 3458 necem
476 3409 574 3473 In'plritr‘
585 3413 670 3473 open‘,

166 3482 261 3550 idest,
279 3482 360 3550 celo,
377 3484 452 3538 terris
466 3495 493 3537 et
503 3485 585 3550 sreto,
603 3488 673 3536 wti-

167 3565 322 3617 cr'eabaotnr.
334 3563 455 3634 Respexit
463 3563 559 3618 Noster
572 3561 603 3614 ad
617 3561 673 3614 Lu·

167 3643 292 3708 tretium,
307 3658 341 3709 v,
358 3644 406 3714 95:

167 3732 276 3783 Principio,
285 3731 345 3770 maris
352 3745 373 3769 ee
382 3740 442 3769 terras
449 3731 556 3782 celumque
564 3737 628 3767 tuere:

168 3805 244 3845 ilerum
258 3793 350 3844 usurarii
369 3803 468 3858 replicem
476 3833 485 3855 ,
504 3805 544 3844 eer'a
565 3814 660 3854 corpora,

241 3878 337 3925 Memmi,
623 3873 626 3880 ’

168 3957 216 3996 mn
225 3956 298 4007 speeies
306 3964 346 3994 tun
355 3953 460 3994 dissimiles
468 3984 474 4003 ,
485 3956 526 3995 trie
532 3953 578 3994 talis
586 3959 638 3991 texts

169 4030 215 4068 Une
224 4031 265 4069 die·
275 4029 334 4069 detti
342 4029 410 4068 edsio.

167 4107 260 4176 Neque
281 4105 345 4159 illud
369 4122 425 4157 non
448 4103 671 4157 animadversione

168 4181 294 4252 dignum,
308 4183 378 4253 quod
391 4202 478 4236 versus
491 4182 532 4235 ille
544 4201 673 4235 casurum-

168 4281 214 4330 que
230 4273 295 4329 ete,
322 4261 432 4315 totidem
452 4261 536 4313 verbis
555 4268 674 4312 occurrat

167 4356 313 4408 expressus,
323 4340 402 4394 Trist.
410 4355 432 4391 11
441 4380 448 4405 ,
456 4339 512 4406 426.
520 4336 673 4391 Secundum

168 4425 256 4469 eutem
273 4414 343 4469 hunc
361 4418 440 4471 Trist.
458 4417 553 4470 librum
573 4423 673 4469 constat

165 4492 291 4562 scripsisse
300 4491 438 4562 Ovidium,
449 4493 515 4549 etad
525 4495 673 4565 Augustum

713 2231 825 2299 misisse,
845 2234 934 2287 statim
951 2243 980 2286 nt
995 2233 1021 2286 in
1034 2233 1154 2287 Pontum
1165 2233 1219 2286 ad-

712 2310 830 2376 venerit,
846 2309 956 2363 ineunte
975 2309 1069 2363 scilicet
1083 2309 1191 2363 decimo
1206 2330 1220 2362 a

715 2386 813 2441 Christi
821 2389 955 2441 nativitate
964 2406 1042 2441 anno.
1052 2386 1150 2455 Quum
1159 2407 1220 2441 vero

715 2464 794 2519 Drusi
814 2484 885 2518 mors
903 2467 932 2518 in
949 2485 1050 2518 annum
1066 2465 1221 2535 preceden-

714 2553 769 2595 tem
786 2542 923 2608 inciderit,
941 2544 1053 2596 minime
1068 2544 1154 2613 potuit
1171 2543 1221 2596 At-

715 2621 876 2687 binovnnns,
894 2641 941 2674 seu
954 2623 1039 2691 quiris
1057 2634 1149 2676 auctor
1161 2623 1221 2674 alius

715 2696 794 2767 hujus
808 2699 904 2768 Elegia
919 2739 927 2766 ,
945 2719 1053 2752 versum
1071 2700 1143 2753 lumc
1158 2698 1222 2752 Ovi-

716 2775 760 2827 dio
771 2777 901 2845 surripere
912 2799 919 2842 ;
937 2795 987 2830 nec
998 2777 1133 2847 probabile
1144 2777 1222 2847 magis

716 2872 823 2906 carmen
841 2853 874 2907 de
893 2864 980 2906 morte
1001 2855 1085 2908 Drusi
1103 2865 1157 2908 tam
1173 2854 1221 2908 cito

718 2930 748 2983 ad
767 2930 894 2985 Ovidium
916 2933 946 2985 in
965 2934 1045 2985 exilio
1060 2952 1108 2987 suo
1127 2951 1221 3002 perve-

717 3010 791 3061 nisse.
801 3010 946 3075 Preterea,
959 3011 1019 3078 quis
1026 3010 1114 3064 credat
1119 3018 1222 3080 poetam

718 3088 838 3139 omnium
853 3087 1039 3156 uberrimum,
1058 3107 1089 3140 eo
1105 3085 1220 3156 penuria

717 3164 801 3216 subito
813 3162 964 3230 devenisse,
982 3177 1015 3219 ut
1029 3165 1136 3218 alienum
1147 3162 1220 3217 bunc

718 3243 745 3295 in
756 3261 803 3295 sua
813 3243 962 3312 reciperet?
978 3243 1035 3311 Qui
1044 3242 1160 3310 seipsum
1171 3250 1219 3293 to·-

716 3320 782 3386 ties‚
801 3341 849 3374 eur
860 3321 941 3373 alium
953 3321 998 3375 irie
1007 3317 1182 3390 compilasset?

716 3428 719 3435 ⁴
750 3398 806 3466 364.
823 3401 854 3450 Ie
865 3402 981 3450 tesolan
993 3401 1076 3451 oalos
1088 3407 1136 3449 etc„
1150 3394 1222 3464 Qun

718 3476 820 3544 sisipsa,
829 3485 856 3529 et
863 3493 945 3544 quem
955 3470 1222 3529 amisere‘eoositm:

719 3558 842 3606 maximus
856 3557 1014 3621 inequites·
1029 3564 1092 3618 etc-3
1104 3551 1148 3607 aed
1160 3571 1222 3605 nor*-

719 3635 780 3684 talr's
796 3641 868 3694 erat;
888 3638 915 3683 et
933 3650 1021 3700 quum
1039 3650 1070 3684 ee
1089 3632 1122 3685 sit
1138 3647 1222 3684 rernm

717 3709 837 3762 omnium
849 3707 981 3771 conditio,
997 3719 1029 3761 ut
1040 3710 1184 3775 intereant,
1193 3725 1223 3761 eo

718 3788 805 3841 minus
816 3787 988 3840 recensuisti
999 3826 1007 3852 ‚
1026 3805 1081 3856 quo
1091 3806 1139 3840 sua
1151 3781 1223 3840 nro-

718 3886 776 3922 sum
788 3866 916 3920 incertius
928 3866 1078 3934 periculum
1090 3868 1172 3919 virtus
1183 3866 1222 3918 im·

718 3946 841 3998 mitteret
861 3944 971 3999 Poetam
991 3944 1035 3998 bic
1050 3943 1147 3998 rbetor
1163 3943 1223 3997 mele

719 4033 842 4092 occupat,
855 4032 882 4075 et
893 4022 1026 4075 Senecam
1038 4023 1139 4093 magis,
1152 4040 1223 4093 qnam

718 4102 851 4155 Nasonem
860 4101 912 4169 agit
922 4122 929 4164 ;
942 4100 989 4154 sed
999 4101 1054 4172 ipsa
1063 4101 1123 4155 bec
1131 4102 1223 4155 aerbo·

717 4199 778 4233 rum
795 4179 962 4250 intemperies
977 4178 1112 4233 Ovidium
1127 4180 1223 4251 arguit3

719 4258 762 4328 qui
777 4258 805 4310 in
833 4268 969 4326 patentem
993 4259 1060 4311 adeo
1089 4256 1222 4312 adulationi

718 4351 838 4405 eampum
847 4335 928 4388 semel
936 4337 1107 4406 exspatiatus,
1113 4356 1167 4390 non
1174 4340 1222 4386 erat

718 4413 739 4466 is
754 4413 798 4482 qui
813 4421 880 4466 stare
896 4421 1001 4482 posset,
1021 4414 1068 4468 ubi
1086 4411 1222 4472 obierim

719 4503 791 4548 recto
803 4491 900 4561 judicio
911 4493 1039 4562 oportuit.
1065 4529 1068 4532 -
