2790 4696
534 305 830 375 ramulum.
1148 335 1221 399 svn

161 491 180 525 n
199 459 383 533 editionem
407 454 556 530 licuisset
572 454 750 543 conficere,
772 455 882 529 omnia
904 454 1065 559 haecque
1088 476 1139 536 tot
1164 494 1224 566 per
1328 496 1333 509 ¹

159 623 179 658 u
201 616 325 676 amcos,
350 564 495 688 tamque⁴
509 614 646 687 operose
673 587 715 661 ad
740 586 829 661 hunc
852 587 952 661 linem
980 617 1221 685 congesseram,

162 754 183 786 »
204 737 323 823 temere
346 719 381 791 in
398 746 469 792 eam
487 716 534 788 ita
549 715 745 805 effusurum,
770 735 809 790 ut
831 747 848 791 e
869 735 959 792 tanta
980 726 1223 822 erumpentium

162 883 184 918 »
204 851 352 953 undique
362 849 896 947 commentariorumexundatione
905 853 960 950 uir
968 871 1112 928 enataret
1120 859 1221 946 Naso,

164 1015 184 1047 »
202 1010 292 1082 pane
321 981 523 1078 naufragus?
541 981 601 1055 Nae
622 997 660 1053 tu
689 998 775 1054 certe
810 980 891 1081 qnid
917 981 1077 1058 voluerim
1107 1013 1224 1086 parum

162 1144 182 1177 >›
200 1111 338 1188 videaris
350 1111 566 1201 intellexisse,
585 1111 644 1213 qni
655 1110 740 1184 hanc
754 1112 836 1184 mihi
846 1111 946 1186 finisse
963 1132 1107 1190 mentem
1120 1117 1226 1191 credi-

160 1277 181 1311 »
200 1245 307 1321 deris!
333 1248 493 1331 Putasne,
524 1242 689 1347 quidquid
716 1241 826 1325 locum
851 1245 1024 1344 quemdam
1050 1247 1224 1325 adnotanti

161 1410 182 1444 u
201 1405 241 1451 er
252 1378 396 1464 Oo‘dio,
412 1379 571 1466 Marone,
589 1391 645 1449 eut
655 1373 792 1464 Flacco,
811 1379 967 1469 memoria
979 1379 1224 1479 suppeditaret,

160 1539 182 1572 u
202 1534 304 1581 come
318 1505 459 1581 consilio
476 1533 699 1606 comparasse,
720 1523 758 1579 ut
774 1506 894 1581 horum
910 1507 995 1580 nihil
1009 1509 1145 1582 omnino
1158 1509 1224 1585 lec·

161 1671 182 1705 »
203 1638 268 1711 tori
278 1638 413 1738 periret;
425 1655 459 1710 et
472 1664 576 1737 quum
586 1636 686 1711 unius
696 1635 869 1711 alteriusve
876 1637 1017 1738 exempli
1029 1641 1226 1714 auctoritate

163 1801 184 1837 s
203 1768 324 1842 dubius
337 1768 432 1842 locus
445 1769 524 1842 satis
537 1768 738 1855 muniretur,
753 1767 794 1842 ad
807 1768 989 1841 satietatem
999 1795 1105 1868 usque
1118 1798 1226 1875 exem-

163 1932 184 1965 »
201 1899 267 2000 plis
284 1897 431 2000 exempla
452 1897 662 1988 additurum,
688 1927 761 2000 quae
779 1897 864 1970 nihil
882 1898 1047 1999 probant,
1072 1902 1138 1976 nisi
1161 1903 1227 1980 hoc

162 2064 184 2099 u
205 2060 330 2118 unum,
354 2032 528 2104 lleinsium
551 2029 677 2118 scilicet
697 2048 813 2131 poetas
837 2059 950 2106 omnes
973 2032 1170 2134 perlegisse,
1193 2055 1227 2111 et

163 2199 185 2232 o
205 2162 365 2236 memoria
384 2163 514 2236 tenere?
537 2160 729 2236 Miserabile
744 2162 897 2263 quidem,
915 2192 956 2238 ne
980 2183 1075 2268 turpe
1098 2168 1224 2258 dicam,

164 2331 185 2365 n
207 2295 315 2371 laudis
331 2325 449 2393 genus,
468 2314 501 2370 et
519 2294 656 2400 cuilibet
668 2296 803 2371 obvium
814 2298 927 2386 nimis,
948 2328 1045 2399 quam
1059 2301 1151 2401 qnod
1163 2331 1226 2398 ego

164 2426 376 2530 »pueriliter
398 2429 606 2503 ambiissem!
631 2428 695 2502 Cui
715 2427 803 2502 enim
826 2457 897 2502 non
918 2446 1033 2529 patent
1055 2450 1228 2509 auctorum

164 2594 185 2628 »
204 2561 335 2637 Indices
346 2580 380 2638 et
390 2562 532 2636 Lexica?
541 2560 725 2650 Delectum,
738 2561 833 2635 crede
843 2558 938 2652 mihi,
946 2566 1227 2642 etseverissimum
1242 2542 1243 2545 Ἴ

165 2727 185 2762 >r
204 2694 337 2795 quidem
349 2694 562 2783 habuissem
579 2711 613 2767 ot
623 2692 837 2795 paucioribus
851 2692 1030 2768 admodum
1041 2724 1081 2770 cx
1093 2694 1160 2771 illis
1170 2727 1228 2798 pe-

166 2859 187 2892 »
206 2827 404 2927 percissem,
424 2825 647 2926 quefeliciter
664 2799 743 2899 satis
756 2822 953 2924 aliquando,
972 2827 1117 2935 sednon
1130 2827 1230 2904 semel

165 2989 186 3022 a
205 2957 379 3045 audacius,
395 2955 592 3054 conjiciendi
612 2953 720 3028 libido
738 2972 927 3032 tentaverat.
951 2959 1036 3033 Nam
1059 2959 1151 3063 quod
1168 2961 1231 3034 im-

167 3121 186 3154 »
204 3091 369 3191 patienter
391 3089 477 3164 seras
507 3087 558 3162 vel
584 3085 619 3160 in
650 3087 792 3163 Statium
818 3105 875 3163 aut
907 3087 1145 3177 Claudianum,
1170 3090 1230 3186 qui

175 3248 192 3281 a
208 3219 319 3321 tuleris
333 3219 514 3322 patientius
526 3220 562 3291 in
575 3219 685 3320 ipsum
704 3219 887 3294 Ovidium?
913 3222 1029 3297 Terret
1040 3249 1108 3305 me,
1125 3217 1232 3290 sateor

172 3380 193 3414 a
211 3330 375 3449 equidem,
398 3352 492 3453 quod
505 3351 629 3425 inscius
644 3352 679 3424 in
698 3369 868 3453 posterum
884 3352 1070 3453 exemplum
1089 3345 1165 3453 dedi
1186 3362 1233 3420 te·

172 3509 193 3542 a>
212 3477 373 3553 meritatis
386 3498 421 3554 et
435 3479 574 3556 licentiae
595 3491 613 3522 *
623 3511 633 3571 ;
656 3499 690 3554 et
703 3484 836 3557 venant
853 3482 955 3556 modo
975 3503 1064 3551 unus
1081 3491 1115 3548 et
1132 3473 1232 3587 alter,

204 3671 221 3700 ‘
237 3672 424 3744 anmpnt's
431 3675 486 3731 hcc
494 3677 732 3745 jamsnhjeoerarn,
745 3675 836 3730 incidit
844 3675 873 3727 in
879 3654 975 3725 manus
983 3668 1235 3740 Fascmtrlueprimus

167 3767 265 3821 orant
275 3766 395 3828 Harrei,
410 3767 565 3821 Hennaeas
575 3767 683 3820 nomine
694 3766 820 3835 evulgati,
832 3764 864 3816 ab
874 3778 928 3825 uuo
939 3779 953 3813 e
966 3759 1156 3849 Professoribus
1167 3762 1238 3816 Ace·-

168 3855 267 3912 demie>
283 3854 437 3910 Parisieusis
451 3856 591 3911 clarissimo
613 3855 680 3924 (Fa.
692 3853 725 3908 G.
738 3852 902 3917 Porrma),
919 3869 949 3902 ea
967 3859 1056 3903 mente
1076 3849 1237 3920 praesertim,

167 3956 199 4002 ut
213 3945 307 4003 latino
326 3943 422 4017 lingna
436 3947 565 4016 principes
575 3945 608 4002 ab
623 3938 764 4012 iumenti,
782 3956 863 4011 quam
881 3939 924 3996 hic
940 3939 1076 4008 imooor,
1092 3934 1241 3999 innovandi

168 4038 304 4109 prurigine
323 4034 448 4093 vindicet.

263 4152 299 4222 J,
1075 4146 1095 4207 b
