2790 4696
177 393 284 447 xxvnt

174 518 265 578 menis
277 513 335 576 suis
344 511 378 574 ab
390 512 500 575 Heinsii
511 516 648 577 sententia
658 515 801 594 dissentit)
813 517 843 577 in
857 517 986 580 secundis
1003 531 1136 580 notarum
1155 522 1231 585 curis

174 636 234 676 rem
250 613 355 696 optime
370 612 416 672 bic
431 634 538 696 agens,
552 612 690 675 Ovidium
704 615 832 676 similiter
845 627 936 677 totam
955 615 1036 700 Eleg.
1059 634 1140 696 vttt,
1157 618 1232 682 lib.1

173 714 276 775 Amor.
288 735 352 793 quae
362 711 499 771 invectiva
511 723 554 771 est
564 711 594 771 in
604 712 755 794 Dipsadem
763 757 773 790 ,
782 714 920 776 imitatum
931 715 1032 791 luisse,
1044 736 1077 776 ex
1089 717 1232 800 Propertii

172 811 264 873 nostri
275 811 356 895 Eleg.
369 833 405 886 v,
418 807 466 868 lib.
481 825 534 885 ιν,
549 811 680 893 scriptam
693 813 724 872 in
739 813 858 873 similem
870 815 975 873 Lenam
986 812 1173 875 Acanthidcm
1183 837 1191 887 ;
1203 827 1233 876 et

171 911 320 970 Fastorum
333 907 420 967 libros
436 906 557 968 scribere
568 909 726 991 cogitasse,
740 933 829 991 quum
840 910 921 972 valde
930 912 957 970 ci
968 911 1139 992 placuissent
1151 934 1232 973 non-

170 1006 256 1068 nullae
268 1005 409 1086 Propertii
424 1004 532 1087 Elegiae
545 1006 580 1066 de
591 1029 687 1067 rerum
699 1028 877 1068 romanarum
893 1006 1024 1088 origine,
1042 1007 1097 1069 boc
1112 1009 1143 1068 in
1156 1009 1230 1070 libro

170 1115 331 1166 exstantes:
349 1101 587 1181 quemadmodum
603 1102 685 1186 Elcg.
702 1119 805 1180 xvnt,
823 1103 872 1164 lib.
893 1120 940 1180 11,
958 1127 1014 1185 qna
1031 1126 1060 1165 se
1079 1105 1232 1166 multarum

170 1200 312 1264 amoribus
327 1198 484 1261 obnoxium
498 1200 649 1281 profitetur
662 1200 846 1282 Propertius,
860 1200 968 1263 Ovidio
979 1200 1069 1263 simile
1079 1223 1232 1286 argumen-

170 1318 242 1378 tum,
252 1298 302 1360 lib.
318 1314 343 1358 11
355 1298 506 1374 Amorum,
516 1297 598 1381 Elcg.
611 1316 655 1375 tv,
667 1300 871 1380 suppeditasse,
881 1301 911 1360 in
927 1299 1142 1382 Prolegomenis
1154 1300 1229 1362 idem

170 1413 266 1465 censet
280 1398 412 1479 Vulpius.

210 1525 226 1551 «t
244 1497 301 1558 Sed
317 1494 537 1557 controversiam
554 1514 669 1555 omnem
684 1494 791 1556 dirimit
803 1509 870 1558 aetas
885 1495 1025 1574 Nasonis,
1040 1498 1089 1578 qni
1102 1498 1168 1559 loco
1179 1499 1229 1557 in-

167 1598 242 1683 signi
256 1595 343 1657 Trist.
367 1611 420 1670 tv,
439 1593 521 1676 Eleg.
539 1610 577 1670 x,
590 1591 648 1669 45,
669 1605 806 1670 testatur,
822 1594 1002 1675 Propertium
1025 1617 1100 1676 saepe
1116 1596 1228 1679 Elegias

168 1697 222 1758 sibi
231 1697 376 1758 recitasse:

330 1825 404 1894 Sepe
416 1842 476 1877 snos
487 1824 576 1878 solitus
587 1823 695 1877 recitare
708 1823 860 1893 Propertius
871 1824 958 1892 ignes,
1157 1897 1162 1909 .

165 1938 313 2002 Tibullum
325 1935 429 2011 Gallo,
448 1935 566 1997 Tibullo
578 1935 777 2018 Propertium
797 1956 826 1996 se
844 1955 912 1998 vcro
927 1935 1096 2017 Propertio,
1109 1934 1140 1992 in
1155 1932 1228 1993 scri-

164 2036 263 2099 bendis
287 2034 402 2117 Elegio,
423 2035 609 2107 successisse3
630 2047 819 2115 quartumque
842 2033 877 2094 ab
904 2034 947 2094 bis
968 2046 1130 2115 temporum
1156 2030 1226 2091 serie

164 2135 260 2197 luisse.
278 2132 369 2208 Quod
381 2130 495 2211 quidem
511 2130 554 2191 bis
569 2133 732 2209 confirmat,
747 2133 836 2193 Trist.
855 2132 959 2209 lib.1t,
977 2131 1053 2207 445:

327 2253 383 2308 Nec
395 2253 445 2307 luit
456 2252 596 2322 opprobrio
608 2253 747 2307 celebrasse
760 2254 888 2326 Lycorida
900 2255 991 2323 Gallo,
1004 2267 1052 2309 etc.
1109 2242 1111 2252 ¹

167 2375 207 2434 Et
222 2370 478 2455 lib.v,Eleg.1,
499 2369 553 2431 15:
615 2448 617 2453 s

320 2492 433 2547 Delicias
445 2489 466 2543 si
478 2490 536 2560 quis
548 2489 691 2561 lascivaque
704 2490 821 2545 carmina
833 2493 942 2561 querit,

341 2586 500 2639 Praemoneo
512 2603 650 2654 nunquam
661 2583 755 2654 scripta
767 2583 837 2653 quod
850 2584 898 2637 ista
909 2583 994 2655 legat:

312 2677 405 2747 Aptior
415 2675 476 2730 huic
487 2675 590 2740 Gallus,
603 2672 744 2744 blandique
757 2675 909 2745 Propertius
919 2676 986 2740 oris;

295 2762 304 2777 ⁰
340 2768 449 2838 Aptior,
463 2766 600 2835 ingenium
612 2784 706 2832 come,
720 2765 838 2820 'libnllus
850 2767 908 2819 erit.

204 2905 219 2932 «ι
238 2878 281 2937 Ex
292 2877 335 2937 bis
350 2877 439 2961 igitur
452 2887 583 2938 constare
596 2877 718 2958 opinor,
738 2877 917 2959 Propertium
931 2875 1047 2938 minime
1064 2875 1114 2936 hac
1126 2878 1222 2962 Elegia

162 2979 299 3041 imitatum
309 2976 394 3036 luisse
409 2975 545 3036 Ovidium
556 2998 563 3047 ;
586 2974 635 3036 sed
646 2975 712 3036 buic
729 2975 826 3057 potius
837 2975 976 3037 scribendi
989 2975 1154 3057 ampliorem
1168 2976 1222 3036 de-

162 3079 235 3140 disse
257 3076 420 3150 materiem,
445 3074 525 3154 qnod
550 3074 693 3156 praecipue
715 3085 792 3156 patet
813 3075 968 3136 innumeris
989 3075 1076 3150 locis,
1097 3096 1161 3155 quoe
1182 3094 1216 3134 ex

43 3188 46 3193 '
162 3177 313 3259 Ptopertio
328 3175 431 3258 passim
447 3173 587 3235 imitatum
602 3193 664 3235 esse
680 3175 843 3253 Nasonem,
860 3175 947 3238 toties
957 3174 989 3235 in
1004 3174 1061 3236 hoc
1072 3194 1221 3237 commen·
1237 3202 1240 3207 ,

162 3279 233 3338 tario
251 3277 358 3341 notari.
371 3301 387 3331 s
405 3286 459 3337 etc.
