2754 5160
151 674 208 739 aa.
531 654 833 717 anonumum

168 798 203 851 V.
215 814 255 868 oo
280 792 416 847 Contenta
427 788 522 842 suisset
534 815 568 830 -
580 786 730 842 Contentus
741 787 841 843 abinea

213 890 254 953 4o
277 883 417 937 Dicuntur.
429 906 462 921 -·
472 878 506 932 Ι).
521 876 683 932 Caeduntur.

216 978 259 1041 ιι.
282 973 467 1039 Matronaquo.
479 969 710 1037 -Formosaquo
904 1018 906 1022 ,

218 1066 260 1118 tio.
283 1063 407 1118 Nomine.
420 1088 452 1103 -
464 1058 605 1130 Sanguine.
617 1058 698 1113 MSS.
707 1058 742 1112 Ι).
752 1067 779 1113 et
791 1058 825 1113 R.

222 1176 260 1226 7¹·
286 1154 405 1223 Semper.
416 1179 450 1191 -
462 1149 623 1220 Quondam,
636 1160 667 1202 ut
680 1148 741 1203 ΜΒ.

218 1263 259 1317 9⁰·
286 1243 410 1311 Quoque.
421 1267 454 1280 ·-
467 1239 532 1308 Ego.
544 1239 583 1291 Id.

207 1356 260 1387 roa.
283 1333 463 1404 Magis-inest.
476 1331 583 1398 Minus,
596 1329 629 1384 R.
641 1329 740 1398 Adest,
753 1329 788 1383 D.
800 1338 828 1384 et
839 1330 871 1383 li.
880 1328 936 1385 Nec
947 1332 1047 1402 magia,
1071 1331 1116 1399 ὓς
1137 1342 1215 1403 etpra

333 1443 386 1475 oar.
395 1426 453 1476 lect.
464 1421 509 1475 aed
522 1422 610 1491 magia.

204 1533 259 1584 ¹⁰7·
283 1515 481 1582 Proeccrptaquo
494 1511 594 1583 gaudia.
604 1539 637 1553 ·-
649 1512 847 1581 Proeccrptaquc
859 1511 962 1581 pradia
973 1511 1008 1565 D.
1019 1514 1212 1586 Praecptaquc.

206 1623 259 1677 aon
284 1602 415 1673 Optarcm
426 1602 473 1655 tibi
485 1601 764 1672 Troica-optarim
775 1612 833 1669 tua,
855 1602 957 1656 Troica.
974 1604 1001 1656 A
1019 1603 1081 1658 Ms.
1099 1605 1133 1658 R.
1144 1609 1218 1658 akr!

336 1697 384 1746 hoc
392 1696 534 1755 dt'stt'chor5
549 1698 577 1745 e'r
589 1692 623 1746 D.
630 1700 693 1761 post
702 1710 807 1762 sequeus
813 1698 922 1760 ponz'tur.

210 1805 263 1853 ¹²7·
287 1783 406 1835 infirmo.
427 1810 461 1822 -
479 1783 605 1849 inficior;
627 1794 665 1836 ut.
689 1783 749 1836 MS.
761 1783 797 1836 D.
813 1782 938 1836 lufirmor
960 1789 988 1836 e!
1003 1784 1144 1851 offendor,
1168 1805 1215 1853 pm

336 1893 388 1926 var.
401 1877 460 1926 lect.

207 1967 261 2020 128.
286 1965 354 2018 Nam
375 1981 434 2016 mea
453 1981 503 2016 vox
523 1982 603 2033 quam
627 1974 676 2017 ctc.
697 1966 774 2031 lep:
792 1963 860 2017 Nam
874 1982 921 2017 cur
942 1982 1007 2032 vor,
1032 1965 1135 2020 animur
1149 1965 1215 2036 quod

336 2055 407 2123 cupit
419 2064 468 2108 etc

208 2151 262 2216 ¹⁵7·
286 2147 468 2201 Visum-cum.
481 2174 514 2186 -
525 2146 679 2201 Vita-dum

208 2237 261 2307 167.
285 2236 374 2290 Fama.
386 2266 420 2277 -
432 2238 537 2290 Forma.

208 2329 262 2383 158.
287 2328 437 2383 Laudamur
448 2340 542 2384 vestro.
553 2357 586 2369 -
597 2328 730 2382 Laudatur
742 2330 818 2400 vulgi.

206 2421 259 2473 185.
285 2419 375 2487 Quam
387 2420 561 2490 male-possis.
570 2447 602 2462 -
615 2419 696 2488 Quod
709 2420 791 2489 benc,
809 2431 840 2475 ut
852 2422 912 2477 MS,
927 2441 1024 2494 possen

206 2511 261 2563 255.
285 2509 372 2579 Digna
385 2512 429 2563 tui.
440 2539 474 2551 —
484 2511 579 2566 Danda
591 2512 657 2580 tuis,
674 2522 704 2566 ut
714 2512 775 2567 MS.

207 2605 260 2673 259
287 2602 398 2656 Faciam.
413 2631 447 2643 -
459 2604 570 2673 Sapiam.

206 2691 261 2744 261.
286 2692 373 2746 Plura.
384 2720 417 2734 ·-
429 2692 464 2745 D.
480 2693 539 2747 lata.

206 2783 260 2835 255.
285 2783 404 2837 Furtivae.
417 2811 450 2825 -·
462 2783 586 2854 Captiva.

336 2873 488 2943 Abjudicari
498 2874 621 2928 videntur
636 2895 694 2944 ¹²7·
708 2877 731 2929 8.

544 3058 679 3114 EPIST.
699 3061 822 3115 xvln.

188 3202 222 3253 V.
237 3222 259 3252 a.
282 3200 363 3253 Secta.
377 3227 410 3241 ·-
428 3203 512 3269 Sesti,
530 3214 560 3256 ut
578 3205 638 3258 MS.

225 3311 261 3361 ¹7·
286 3289 415 3343 Domina.
427 3318 460 3332 —
473 3291 578 3360 Etiam,
597 3304 626 3347 ut
638 3296 671 3346 V.

218 3385 257 3449 48.
282 3383 367 3436 Parte.
378 3410 411 3423 ·-
422 3385 502 3437 Nave.
519 3386 550 3437 Si
562 3392 627 3439 recle
644 3389 725 3442 video.

221 3477 260 3526 50.
284 3472 373 3526 Adest.
384 3500 418 3513 ·-
429 3474 517 3527 Abest.

221 3563 260 3616 53.
285 3562 396 3616 Cuncta.
407 3591 440 3603 -
451 3566 529 3618 Vera.

220 3656 258 3718 54.
283 3652 423 3722 Tempora.
434 3681 467 3693 ·-
478 3654 587 3708 Gaudia.

218 3745 255 3815 76.
279 3746 369 3798 Nocte.
382 3774 415 3785 -
425 3746 526 3816 Sponte
535 3770 543 3812 ς
564 3758 593 3801 ut
602 3750 695 3804 Frauc.

220 3854 258 3908 79.
283 3837 342 3889 Vox
353 3846 452 3889 nostras
463 3838 573 3891 nullum.
585 3867 618 3879 -
630 3841 687 3892 Vox
699 3860 808 3911 usquam
820 3854 925 3898 nostran.

217 3927 256 3991 84.
281 3924 402 3978 Fortiter.
413 3954 446 3965 -
457 3928 533 3981 Nitor
544 3939 577 3982 ct
589 3928 624 3982 D.
634 3930 745 3984 Fortior.

206 4034 258 4086 ¹¹9·
283 4017 356 4068 Vero
369 4016 485 4071 eat-huc
493 4044 526 4058 -
538 4019 688 4076 Videor-ad
699 4032 732 4075 te.

203 4107 256 4158 135.
279 4107 428 4162 solitarum.
441 4137 474 4152 -
485 4110 641 4165 Soiidarum.

204 4197 256 4260 144.
278 4198 390 4252 Veilere.
401 4227 435 4240 -
446 4200 578 4270 Tergore,
596 4215 625 4256 ut
638 4205 729 4260 Frauc.

202 4287 256 4352 147.
279 4287 343 4341 Arte
356 4310 427 4361 egeo.
439 4320 472 4330 —
482 4293 558 4346 Parte
572 4314 673 4363 querar.
684 4297 719 4351 Ι).
730 4299 808 4353 Parte
816 4320 913 4352 moror.

203 4377 255 4429 153.
280 4375 410 4443 Quod-et.
423 4411 456 4426 -
469 4384 630 4452 Quam-aut.
649 4391 744 4444 Postea
752 4395 833 4445 uoluit
842 4403 956 4461 quas-ct.
977 4413 1039 4447 cum
1058 4395 1090 4447 N.
1105 4397 1140 4448 Η.
