2790 4696
441 319 671 391 snlsEls
698 324 933 399 ACHILLI.
1191 329 1235 396 63

162 463 310 566 Respice
328 457 505 535 sollicitam
522 460 687 550 Briseida,
705 461 801 537 fortis
818 462 969 552 Achille3

214 582 287 655 Nec
304 575 455 651 miseram
471 574 562 649 lenta
577 574 703 650 ferreus
720 605 778 651 ure
795 606 898 650 mora.

168 698 256 783 Aut,
275 693 306 766 si
323 719 435 766 versus
451 720 543 766 amor
561 708 639 765 tuus
655 693 757 766 estin
777 692 873 769 taedia
889 693 1014 767 nostri:

219 809 333 907 Quam
350 806 469 881 sinete
486 807 578 902 cogis
595 807 718 896 vivere,
737 836 817 903 coge
834 809 943 883 mori:
1192 835 1237 903 140

172 927 285 1025 thue
302 921 399 1010 facis,
416 949 514 1017 coges
527 950 535 995 :
548 921 632 995 abiit
649 951 836 1024 corpusque
853 923 1033 1025 colorque:

220 1040 372 1115 Sustinet
387 1038 454 1112 hoc
471 1037 587 1113 animae
604 1060 680 1137 spes
699 1055 808 1113 tamen
825 1068 893 1113 una
910 1040 970 1113 tui.

176 1157 250 1256 Qua
266 1155 295 1230 si
312 1155 492 1242 destituor,
510 1169 657 1255 repetam
673 1152 856 1255 fratresque
874 1154 1046 1258 vimmque
1065 1181 1073 1225 :

219 1273 291 1346 Nec
309 1270 374 1345 tibi
390 1267 603 1366 magnificum
619 1267 741 1344 semina
755 1269 847 1368 jussa
862 1270 957 1342 mori.

176 1387 242 1464 Cur
258 1404 369 1462 autem
383 1386 524 1485 jubeas?
540 1385 656 1458 stricto
674 1401 750 1487 pete
768 1414 910 1487 corpora
925 1386 1035 1463 ferro:
1195 1411 1240 1479 ιιι

220 1504 284 1576 Est
299 1501 401 1588 mihi,
421 1500 479 1601 qui
496 1497 587 1573 fosso
604 1517 739 1601 pectore
756 1502 891 1596 sanguis
907 1519 970 1576 eat.

177 1618 235 1691 tte
250 1633 343 1718 petat
359 1613 416 1689 ille
433 1632 527 1702 tuus,
547 1614 621 1715 qui,
640 1616 669 1689 si
687 1617 759 1690 Dea
774 1645 872 1717 passa
886 1616 1020 1707 luisset,

223 1733 323 1808 Ensis
340 1732 377 1805 in
394 1730 522 1806 Autdae
539 1749 656 1831 pectus
673 1733 781 1806 iturus
798 1750 877 1807 erat.

181 1848 224 1922 llt
238 1848 353 1948 potius
370 1874 480 1921 semes
497 1863 663 1935 nostram,
683 1863 741 1921 tua
755 1874 909 1934 munera,
928 1845 1048 1921 vitam:

228 1961 332 2058 Quod
349 1962 483 2037 dederas
499 1962 591 2036 hosti
607 1963 727 2050 victor,
746 1963 848 2037 amica
864 1990 957 2057 rogo.
1198 1985 1244 2037 150

181 2075 324 2151 Perdere
341 2105 425 2179 quos
439 2076 557 2152 melius
574 2078 702 2179 possis,
721 2079 891 2181 Neptunia
908 2079 1058 2181 praebent

231 2191 392 2288 Pergama
404 2221 411 2266 :
424 2193 590 2268 materiam
607 2193 705 2267 caedis
722 2193 764 2267 ab
781 2192 878 2267 hoste
896 2210 981 2293 pete.

187 2461 282 2516 Noster
293 2459 385 2528 ortt,
398 2461 490 2514 Amor.
500 2481 521 2513 ι.
535 2460 575 2513 El.
587 2476 616 2512 rx
624 2500 631 2527 ,
640 2460 688 2513 35:
738 2479 801 2514 men
813 2478 871 2530 spes
883 2459 935 2525 tui,
948 2458 1001 2513 sive
1013 2459 1136 2528 quamde
1152 2469 1178 2512 te
1192 2459 1246 2513 lra-

185 2549 443 2591 beat-tantumne·
452 2551 587 2602 conplexibus
597 2550 636 2588 ibn
645 2552 667 2589 tn
738 2537 803 2605 beo,
812 2538 921 2592 sustinet
929 2536 996 2591 hanc
1004 2538 1134 2603 animam,
1147 2536 1197 2591 hoc
1208 2548 1247 2591 est

258 2624 325 2650 ‘⁶¹⁴-
739 2617 819 2670 vitam
827 2616 1247 2685 meam;cceteris,utcorporeet

188 2689 218 2739 To*
231 2689 259 2737 in
275 2684 347 2738 enim
364 2685 453 2739 infesti
470 2685 550 2738 animi
562 2683 692 2754 significa-
739 2693 1154 2761 cotore‚delab0ntihu2,M1ffl,

187 2761 283 2817 dionem
290 2763 429 2818 interdum
437 2782 491 2833 pm
498 2783 524 2816 ὅθ
533 2763 693 2816 seri-Noster
776 2773 830 2838 146
846 2775 898 2825 Es!
906 2775 971 2824 mihi
977 2776 1081 2838 sanfflis
1091 2780 1140 2824 etc,
1150 2799 1184 2811 -
1196 2773 1242 2826 111-

187 2837 269 2894 ῙΠΕἫ
742 2850 838 2919 telligas
855 2870 861 2903 ε
879 2859 918 2902 est
934 2850 1055 2916 animus,
1073 2849 1117 2919 qui
1134 2861 1249 2904 mortem

221 2932 279 2971 Μ·
288 2933 308 2971 ³²
318 2931 396 2971 Atrida
403 2939 474 2982 patus
484 2931 602 2968 lcumena.
610 2929 692 2969 nuru.
742 2947 797 2981 non
811 2927 979 2994 reformidet,
1000 2947 1050 2981 nce
1062 2937 1153 2981 en'sem
1166 2939 1249 2981 tuum.

220 3005 273 3078 139
290 3006 330 3058 At
338 3009 605 3058 sr'oersusamorluus
616 3011 658 3056 est
667 3009 695 3056 in
778 3009 831 3075 ¹47·
849 3008 880 3057 Si
887 3008 947 3058 Dea
951 3025 1033 3073 passa
1035 3005 1140 3073 facesset.
1152 3004 1250 3069 Pallas,

191 3085 263 3135 ledia
277 3088 365 3135 nostri.
382 3081 494 3152 Optime
511 3081 641 3134 Gruterus
656 3081 696 3133 le-
744 3101 818 3153 qua,
835 3084 980 3137 irruentem
999 3085 1053 3153 iam
1072 3103 1133 3137 cnse
1148 3082 1251 3145 stricto,

192 3160 282 3228 gebat:
300 3163 357 3213 Au!
366 3164 393 3212 sr'
400 3179 489 3212 verm
500 3180 573 3212 amor
586 3166 643 3212 luas
655 3164 698 3212 esl
744 3163 773 3214 in
787 3161 1008 3231 Agamemnona,
1030 3161 1159 3214 Achillem
1182 3175 1253 3209 con-

192 3239 306 3289 sistedt'a
317 3242 403 3289 nostri.
418 3237 491 3290 Dare.
509 3238 609 3292 Hnltts.
626 3238 695 3299 Aut,
746 3239 845 3306 tinuit,
864 3239 982 3293 dextram
1006 3238 1087 3290 cornis
1112 3234 1256 3303 implicans.

193 3312 346 3379 Puteanus,
362 3333 413 3367 nec
423 3315 497 3384 pauci
510 3315 551 3368 alii
563 3335 594 3368 ex
605 3315 699 3368 melio·
747 3317 778 3370 ll.
795 3325 829 3382 Δ,
848 3337 901 3388 ¹97·

194 3391 279 3444 ribus:
290 3390 380 3460 placet
392 3392 490 3446 limes.
784 3397 838 3465 ¹49·
854 3396 894 3446 At
899 3398 985 3460 patrias
996 3410 1087 3444 smcs.
1104 3390 1148 3443 At
1158 3389 1256 3441 Putea-

227 3471 283 3535 ¹4¹·
304 3469 386 3536 mque
395 3468 484 3537 sacis,
508 3490 589 3540 coges.
606 3471 699 3524 Talem
748 3489 814 3524 nem
826 3489 887 3522 curn
898 3470 998 3523 duobus
1010 3469 1063 3521 aliis
1074 3466 1125 3519 rid.
1136 3466 1183 3535 Ep.
1193 3483 1256 3531 xrx,

195 3554 219 3599 te
231 3565 293 3615 erga
310 3564 356 3599 me
372 3546 459 3616 geris,
481 3549 525 3617 qui
542 3549 610 3602 mori
627 3550 701 3602 citius
752 3551 807 3601 105.
818 3548 914 3600 Heras.
925 3546 993 3599 Mihi
1005 3545 1086 3614 prisca
1097 3544 1173 3597 lectio
1182 3562 1258 3613 praes·

196 3626 265 3678 ocius
277 3623 702 3696 Briseidacoges.-Abiitcorpus
750 3624 852 3680 tabilior
863 3625 923 3677 visa.
940 3624 1004 3677 Post
1021 3622 1092 3674 illam
1108 3623 1258 3676 concessio-

196 3706 316 3773 colsqee.
328 3702 529 3777 Jamsumcgo,
543 3726 597 3777 prae
608 3708 701 3773 macie,
750 3721 833 3768 nem,
857 3707 945 3755 stricto
963 3706 1024 3768 pete
1047 3718 1150 3768 corpora
1165 3700 1257 3769 serm,

198 3779 322 3848 pallidior.
751 3781 877 3852 paulatim
893 3779 962 3833 adse
975 3777 1079 3831 rediens
1090 3778 1185 3832 Briseis
1201 3779 1258 3832 mi-

230 3860 467 3925 142,Sns11i1e!.ln
481 3861 583 3915 Aldinis
594 3860 704 3931 legitur:
753 3859 813 3912 tiori
836 3858 878 3911 hic
901 3856 1049 3927 cogitationi
1072 3856 1208 3926 indulget,
1233 3867 1261 3910 et

200 3942 304 3989 micae!
315 3941 363 3992 doc
379 3945 471 3992 antire
481 3959 540 4007 spes
556 3946 640 3991 lamen
655 3959 706 3992 una
754 3936 826 4007 quasi
833 3935 909 3989 dicit:
919 3955 965 3990 cur
975 3953 1037 3988 vcro
1046 3934 1072 3987 id
1080 3935 1173 3989 facias?
1184 3934 1261 4003 Quin

202 4016 249 4078 tri,·
267 4026 296 4068 ut
307 4016 340 4069 sit
352 4015 457 4070 dictum
474 4020 522 4069 hoc
537 4022 640 4078 antire,
658 4036 706 4085 pro
750 4020 837 4083 polim
854 4033 936 4067 serves
954 4015 1073 4078 iterum,
1096 4032 1176 4082 quam
1198 4011 1261 4063 olim

204 4086 265 4150 ltine
276 4094 412 4152 animam:
428 4094 480 4150 hoc
492 4113 584 4162 sensu,
597 4113 650 4150 una
661 4104 708 4157 tas
755 4092 986 4163 mihteoncessisti,
995 4091 1096 4152 vitam?
1105 4091 1263 4148 Lunam-
