2790 4696
491 371 632 438 HERO
654 373 916 444 LEANDRO.
1169 378 1233 444 355

167 509 208 582 Ἠ
221 524 348 582 ascerte
366 506 543 609 pluresque
561 529 700 600 canunt,
717 512 888 614 Neptune,
908 530 1013 614 poetae

223 620 327 695 Molle
344 619 430 695 latus
448 621 540 696 lateri
556 626 759 701 conseruisse
773 645 842 700 tuo.

174 741 244 813 Cur
259 740 376 834 igitur,
395 740 496 813 toties
513 740 597 814 vires
616 759 770 842 expertus
787 743 929 830 amoris,

221 854 407 929 Adsuetum
423 854 523 929 nobis
541 855 674 930 turbine
693 855 817 930 claudis
835 858 925 931 iter?

173 970 293 1059 Parce,
312 971 420 1060 ferox,
435 971 569 1071 latoque
586 973 668 1045 mari
686 990 741 1047 tua
757 973 870 1072 praelia
886 973 994 1049 misce.

222 1087 357 1161 Seducit
374 1107 476 1162 terras
492 1087 560 1160 haec
576 1086 687 1161 brevis
704 1087 794 1161 unda
813 1088 904 1163 duas.

173 1202 221 1275 Te
238 1202 330 1276 decet
346 1219 404 1276 aut
418 1230 552 1296 magnas
567 1230 724 1297 magnum
738 1203 858 1302 jactare
877 1205 1024 1293 cerinas;

221 1319 291 1391 Aut
308 1318 406 1394 etiam
423 1317 504 1389 totis
522 1314 683 1390 classibus
701 1345 771 1393 esse
789 1337 922 1395 trucem.

172 1436 284 1534 Turpe
302 1435 374 1506 Deo
391 1430 516 1532 pelagi,
533 1433 686 1531 juvenem
702 1450 822 1510 terrere
834 1453 1023 1510 natantem:
1186 1458 1234 1526 145

224 1547 403 1647 Gloriaque
419 1565 469 1620 est
486 1564 603 1642 stagno
622 1546 772 1648 quolibet
789 1549 851 1624 ista
869 1550 987 1623 minor.

171 1660 305 1736 Nobilis
321 1660 375 1736 ille
394 1660 526 1762 quidem
542 1679 608 1750 est,
627 1679 662 1736 et
678 1661 785 1738 clarus
803 1664 951 1759 origine,
967 1662 1025 1737 sed
1041 1690 1110 1735 non

218 1779 250 1849 A
268 1778 331 1851 tibi
348 1795 502 1878 suspecto
520 1777 612 1851 ducit
627 1776 725 1851 Ulixe
743 1804 856 1872 genus.

172 1893 224 1965 Da
239 1891 385 1979 veniam,
402 1919 559 1992 servaque
576 1890 662 1965 duos
677 1921 685 1965 ε
699 1907 792 1965 natat
804 1889 877 1978 ille;
898 1890 956 1964 sed
971 1889 1076 1967 isdem

222 2010 355 2108 Corpus
374 2007 532 2095 Leandri,
550 2034 626 2107 spes
642 2034 729 2095 mea,
744 2006 868 2107 pendet
883 2007 988 2108 aquis.
1189 2032 1235 2083 150
1311 2042 1318 2059 ·

168 2128 298 2200 Interea
315 2123 444 2213 lumen,
462 2122 575 2223 posito
589 2150 666 2195 nam
682 2121 857 2197 scribimus
873 2120 950 2215 illo,

204 2337 257 2406 137.
274 2338 333 2387 llas
342 2340 415 2388 cede.
432 2335 674 2389 Haseteueiucorxi·
723 2345 842 2389 tutorum
852 2355 859 2389 ε
871 2335 965 2408 Odyss.
977 2351 1004 2404 1,
1018 2336 1186 2391 saturioro
1198 2363 1231 2377 ·-

167 2411 245 2483 gebat
257 2413 389 2466 franciae
721 2418 804 2468 Ducit
814 2417 890 2468 Ulixe
896 2434 983 2483 penus.
1002 2414 1097 2483 Quum
1110 2415 1199 2469 multis
1212 2436 1227 2469 e

204 2490 257 2542 138.
275 2492 358 2542 latus
367 2495 446 2543 lateri
457 2496 612 2544 consemr'sse
622 2497 673 2544 tuo.
721 2492 795 2559 locis,
808 2492 835 2545 in
848 2494 902 2562 ipsa
913 2492 961 2546 bac
976 2493 1106 2562 Epistola,
1122 2504 1180 2545 tum
1195 2513 1228 2549 ex

168 2571 360 2636 Composuisse,
385 2571 554 2635 Puteaneus,
583 2579 610 2622 et
631 2568 673 2621 alii
721 2570 768 2622 bac
787 2571 948 2639 potissimum
967 2570 1050 2624 Ulixis
1069 2571 1224 2637 mentione,

167 2647 261 2716 majori
269 2667 299 2700 ex
307 2654 447 2716 parteeum
455 2647 671 2716 primaeditione=
720 2647 1228 2718 patetHeroLeandrumque,opinione

167 2734 193 2777 et
213 2736 299 2787 reete;
322 2724 429 2793 quidam
443 2731 620 2793 supposuisse,
644 2733 672 2776 et
719 2736 790 2778 certe
805 2724 910 2791 Ovidii,
929 2726 1051 2793 Troianis
1066 2728 1226 2796 temporibus

166 2808 332 2856 continuasse.
349 2804 447 2857 Heres.
718 2800 795 2871 longe
807 2801 965 2856 recentiores
979 2803 1109 2857 exstitisse.
1127 2804 1225 2858 Statius

202 2884 254 2948 ¹4⁰¹
270 2883 378 2934 Turbone
387 2884 486 2935 claudis
495 2887 549 2934 iter.
562 2881 670 2935 Turbide
718 2880 941 2933 tamenTbebano
951 2880 1019 2934 bello
1029 2882 1227 2950 sscitantiquio·
1334 2948 1337 2953 ,

166 2956 218 3010 tuo
228 2959 323 3028 scripti.
335 2958 389 3012 Sed
400 2970 501 3012 rectum
510 2970 549 3011 est
559 2963 670 3012 turbiue:
718 2978 773 3021 res,
792 2976 875 3027 quum
891 2957 996 3010 illorum
1008 2958 1177 3021 meminerit,
1196 2959 1223 3009 in

164 3036 186 3089 si
196 3037 268 3090 enirn
278 3043 426 3105 tempestate
430 3040 584 3104 praeludere
589 3041 671 3089 manu
716 3037 808 3107 pallio,
821 3055 873 3106 quo
884 3036 997 3090 donatur
1005 3036 1132 3089 Admetes
1141 3037 1225 3109 vietor

165 3113 279 3182 potuerit
290 3112 380 3166 dixisse
396 3114 502 3180 Florus,
515 3130 568 3180 111,
580 3115 608 3175 6,
622 3133 670 3167 cur
717 3112 819 3165 inludis
828 3112 861 3165 ad
873 3113 1005 3165 tumulum
1011 3111 1168 3166 Archemori
1178 3131 1223 3164 α·-

164 3207 221 3242 non
243 3191 294 3242 iter
324 3190 403 3258 possit
429 3191 532 3243 turbine
556 3188 669 3242 claudi?
716 3188 827 3241 lebratis.
843 3187 926 3241 Theb.
939 3206 982 3253 vx,
996 3191 1051 3255 542.

168 3268 252 3318 Turbo
268 3275 356 3318 autern
374 3269 456 3335 poetis
476 3286 524 3319 vox
538 3264 669 3319 familiaris
752 3268 805 3317 151.
817 3267 918 3317 Interea
925 3269 1010 3317 lumen
1021 3275 1069 3319 etc.
1078 3264 1222 3318 Sternuta-

165 3361 213 3412 pro
225 3343 341 3412 procella.
359 3343 455 3396 Bonus.
603 3338 606 3346 '
717 3341 817 3393 tionem
827 3341 879 3393 sive
888 3341 1017 3410 crepitum
1027 3341 1142 3396 lucerne
1153 3344 1223 3396 saus-

200 3423 253 3486 ¹4¹1
280 3421 334 3472 Tua
345 3424 441 3487 prelio.
457 3420 581 3473 Francius
596 3418 669 3472 vole·
717 3427 774 3470 tum
780 3417 806 3469 in
812 3416 943 3470 amoribus
949 3436 1027 3472 omen
1033 3419 1171 3488 prebuisse
1177 3419 1221 3473 do·

164 3499 207 3552 bat
217 3537 224 3564 ,
231 3496 396 3564 semproelio.
716 3504 758 3548 cet
767 3493 875 3547 Antbol.
890 3492 1030 3564 Groeevu,
1043 3495 1132 3566 Epigr.
1145 3516 1206 3567 177:

199 3579 252 3642 145.
263 3578 369 3629 Tenere.
377 3576 667 3641 llloretlunus,!unlare.
710 3570 789 3644 ἭΜ,
815 3583 903 3645 psTsess
922 3580 1006 3643 λύχνα,
1025 3585 1072 3652 spis
1092 3582 1188 3654 lesepse'
1207 3581 1221 3640 ἔ

198 3653 251 3718 148.
269 3655 361 3708 Alibi
375 3660 499 3722 suspecto.
522 3652 564 3705 Ad
583 3653 668 3724 Poly·
780 3654 947 3727 ssixesrpsuiu

162 3729 290 3800 phemum
304 3731 441 3784 reserenda
459 3741 520 3784 sunl
534 3730 603 3797 ltaec,
620 3750 668 3785 cu-
747 3716 780 3787 Ue
800 3731 912 3796 θαλάμους
936 3737 996 3797 ignes
1016 3715 1140 3800 Α’ντιγᾶνην
1164 3755 1221 3808 eps·

162 3812 204 3879 jus
220 3810 301 3878 gratia
319 3810 456 3879 Neptunus
470 3809 539 3863 Ulixi
552 3810 667 3864 infensus
795 3811 880 3875 tipum

161 3887 561 3941 eratExcaeeaveratenimillum
568 3889 666 3958 Ulixes,
714 3875 807 3962 tls-1342
826 3890 884 3955 ἅναξ
903 3895 937 3952 a,
955 3887 1004 3944 τίδ’
1020 3893 1147 3959 ἓτίτυμον,
1173 3896 1217 3953 οὓς

162 3984 223 4019 cum
239 3966 422 4036 exprobatione
439 3984 485 4032 ea,
503 3976 533 4019 ut
551 3966 665 4034 diceret,
812 3968 931 4031 Atellus,

162 4062 248 4114 neque
270 4056 371 4115 patrem
386 4046 541 4114 Neptunum
556 4045 666 4098 suxilia-
746 4056 841 4109 θνητοῖς
858 4047 940 4112 μάντις
965 4051 1024 4122 lep,
1040 4053 1080 4105 sei
1100 4054 1127 4104 sl
1155 4049 1215 4121 sapei

163 4129 252 4178 turum
267 4123 304 4178 illi
318 4143 387 4193 esse,
404 4133 449 4178 aut
468 4121 575 4202 oculum
590 4121 668 4177 resti-
811 4131 907 4201 epirote.
