2790 4696
160 355 205 425 90
412 320 665 400 srnnourr
700 329 959 401 nosscnrr

161 471 268 543 Esto:
286 494 338 542 me
354 467 501 563 genitor,
520 499 588 570 quo
605 488 759 559 matrem,
777 468 899 545 leserit
917 464 1016 543 ense:

210 584 250 656 In
270 599 301 657 te
320 582 411 682 qnod
428 583 522 672 lecit,
541 603 662 685 praeter
679 615 803 676 amare,
821 584 953 661 scelus?
1195 608 1230 679 ψ

164 701 273 796 Quam
289 699 374 776 benc
391 702 522 776 Theseo
541 702 673 777 caderes
691 731 826 803 qnoque
842 702 972 775 victima
990 700 1096 776 ferro!

212 816 273 900 Et,
292 816 321 889 si
336 815 437 911 digna
451 818 510 891 Dii
529 817 609 892 dent
625 820 688 893 tibi
705 819 787 907 fata,
806 817 912 893 cades.

167 931 301 1006 Occidit
317 931 432 1007 infelix
449 934 520 1009 sine
538 964 636 1010 causa
653 954 687 1011 et
702 936 839 1011 crimine
856 951 981 1009 mater:

213 1048 293 1119 Non
309 1049 389 1121 satis
408 1048 443 1121 in
459 1078 575 1150 poenas
592 1080 681 1125 mors
698 1051 784 1125 soret
799 1077 866 1123 una
884 1067 967 1122 tuas.

169 1163 279 1258 Quam
296 1164 378 1237 mihi
395 1183 430 1238 tu
451 1166 584 1256 suades,
602 1168 748 1241 vindicta
764 1182 816 1240 est
832 1165 950 1237 tetrior
966 1160 1025 1235 illo
1202 1184 1236 1254 9⁵

220 1277 381 1364 Crimine,
401 1306 469 1377 quo
489 1281 631 1375 genitrix
648 1310 667 1355 a
683 1299 776 1382 patre
794 1308 876 1355 caasa
893 1279 966 1352 suit.

171 1391 305 1465 Scilicet
322 1393 438 1467 incesti
454 1412 577 1470 castam
593 1397 796 1498 placavimus
813 1396 982 1482 umbram,

218 1509 364 1582 Pessima
382 1528 418 1583 tn
434 1510 560 1611 pellex,
578 1514 676 1614 pejor
692 1510 822 1587 adulter
839 1512 929 1606 ego?

174 1625 210 1701 Si
227 1624 308 1726 quid
325 1626 434 1701 adhuc
450 1658 579 1717 manes,
597 1647 800 1728 matremque
818 1656 837 1700 a
853 1626 968 1699 fimere
986 1638 1103 1724 posset

222 1740 374 1830 Laedere,
393 1742 474 1842 qnid
491 1745 638 1839 gravius,
656 1744 747 1846 quod
765 1759 949 1844 pateretur,
966 1740 1063 1812 erat?

174 1856 266 1929 Tene
284 1873 323 1929 nt
339 1884 458 1947 amem,
478 1888 570 1959 quae,
589 1889 692 1961 quum
706 1885 839 1934 revocas
857 1856 976 1929 delicta
992 1853 1158 1956 parentis,

178 2040 181 2046 .
226 1971 283 2044 Me
301 1968 449 2047 laceras?
464 1974 550 2047 Nam
567 1992 648 2048 sunt
664 1975 805 2049 dedecus
821 1972 878 2046 illa
894 2000 1014 2046 meum.

178 2085 233 2158 Ad
249 2115 370 2181 genus,
389 2107 423 2163 et
438 2107 536 2164 natos
554 2091 715 2189 majorum
734 2089 868 2163 infamia
886 2088 1012 2163 transit.

228 2204 317 2277 Huic
334 2224 428 2306 pater
444 2223 508 2293 cst,
527 2205 576 2278 illi
593 2235 690 2281 causa
705 2205 839 2278 ruboris
856 2232 945 2277 avus.

179 2319 339 2393 Tantalus
356 2338 407 2395 est
423 2320 575 2421 Pelopis,
594 2320 738 2396 Menelai
754 2319 897 2392 dedecus
909 2321 1048 2407 Atreus;
1201 2336 1245 2389 105

229 2436 389 2507 Natarum
406 2437 560 2523 Danaus,
579 2436 809 2536 Pasiphaeque
828 2452 931 2506 tuum.

183 2546 293 2621 Multa
309 2549 397 2648 patri
415 2548 492 2624 licet
510 2550 661 2649 objicias,
681 2566 791 2622 tamen
810 2548 967 2620 omnibus
984 2545 1066 2630 illis,

233 2664 338 2760 Quod
354 2665 416 2738 tibi
434 2694 524 2739 nunc
540 2682 655 2737 votum
672 2681 738 2750 est,
758 2662 890 2762 turpius
908 2688 978 2734 esse
995 2676 1085 2760 puta.

185 2784 254 2856 Nec
271 2781 377 2856 resero
397 2811 487 2858 caesae
504 2780 623 2855 solatia
638 2779 731 2853 nulla
747 2778 914 2880 parentis:

235 2900 372 2974 Femina
385 2900 451 2999 jam
469 2927 537 2972 non
555 2915 607 2971 est
623 2895 692 2970 ulla
707 2893 848 2970 verenda
864 2893 958 2967 mihi.
1207 2928 1251 2963 ιιο

188 3017 287 3089 Nunc
304 3042 417 3087 omnes
435 3014 544 3105 odisse
561 3012 640 3087 licet
653 3042 662 3085 ι
675 3038 765 3085 nunc
780 3009 911 3082 odimus
930 3034 1063 3093 omncs;

237 3135 287 3207 Te
304 3160 453 3234 quoque,
473 3157 572 3232 quam
588 3127 683 3203 soleo
699 3125 813 3223 matris
829 3124 952 3197 habere
968 3122 1053 3195 loeo.

192 3252 287 3324 Atria
302 3247 504 3324 vestibulum
520 3263 600 3320 sunt
616 3242 700 3319 aulae
716 3258 807 3315 vasta
823 3250 987 3340 paterna:

240 3366 368 3441 Pendet
384 3367 420 3440 in
437 3365 490 3438 his
507 3380 655 3439 veterum
670 3358 814 3433 barbara
831 3355 941 3456 praeda
958 3352 1089 3426 ducum.

193 3482 258 3555 Hic
276 3499 423 3583 spectare
439 3479 518 3553 licet
534 3478 641 3580 pictas
659 3504 699 3549 ex
716 3472 833 3546 ordine
848 3498 996 3572 pugnas,
1213 3484 1257 3536 ns

245 3599 402 3699 Caesaque
417 3597 547 3671 Thesea
562 3593 706 3696 plurima
722 3606 871 3664 monstra
886 3614 1002 3672 manu;

198 3711 443 3813 Immanemque
460 3739 572 3798 suem3
590 3705 819 3810 populumque
837 3734 854 3779 e
871 3703 1021 3776 nubibus
1039 3718 1166 3786 ortum3

246 3827 292 3896 Et
306 3826 420 3914 bovis,
439 3844 473 3900 et
488 3825 599 3899 fratris
617 3849 742 3897 cornua
759 3820 862 3893 fracta
879 3821 948 3906 tui;

204 3941 485 4038 Cercyonemque,
505 3941 701 4041 Scininque,
720 3954 753 4011 et
769 3964 843 4010 cum
857 3935 993 4011 Scirone
1009 3936 1229 4016 Procrusten,

253 4056 300 4128 Et
312 4051 443 4154 pulsata
459 4055 548 4146 nigri
564 4056 662 4130 tertia
677 4081 779 4149 regna
794 4051 868 4126 Del.
1221 4083 1266 4117 12⁰
