2790 4696
166 340 210 411 so
365 306 368 311 “
512 336 776 406 nrrsrouu
805 340 859 405 11.

212 472 336 548 Oscula
354 501 414 576 per
429 473 544 568 longas
559 473 695 570 jungere
713 503 824 575 pressa
841 503 950 549 morus
969 506 978 549 :

163 593 315 691 Cumque
333 590 399 663 tuis
415 586 554 662 lacrimis
570 584 718 662 lacrimas
735 591 935 665 confundere
952 610 1097 682 nostras3
1187 616 1221 683 95

211 705 380 806 Quodque
397 703 483 775 soret
498 698 577 774 velis
594 730 672 776 aura
689 705 847 791 secunda,
867 708 959 806 queri
978 739 986 780 ε

78 914 81 919 4
163 822 208 896 Et
224 822 306 894 mihi
324 816 491 892 discedens
508 844 660 916 suprema
677 818 784 892 dicere
801 848 895 905 voce,

212 934 422 1039 Phylli-lace
438 950 606 1032 exspectes
624 931 881 1032 Demophoonta
899 950 1001 1005 tunm.

164 1060 372 1156 Exspectem‚
391 1047 449 1146 qui
466 1075 518 1119 me
535 1074 706 1145 nunquam
722 1046 852 1118 visurus
869 1046 990 1119 abisti?

105 1208 111 1225 ·
211 1173 404 1266 Exspectcm
421 1158 539 1261 pelago
557 1159 628 1234 vela
643 1177 760 1254 negata
778 1163 875 1234 meo?
1178 1203 1224 1236 too

161 1286 207 1357 Et
223 1299 330 1355 tamen
347 1292 510 1375 exspecto.
532 1273 658 1348 Redeas
674 1275 776 1348 modo
794 1303 886 1349 serus
903 1277 1023 1350 amanti
1041 1307 1050 1348 z

211 1399 259 1469 Ut
277 1402 332 1466 tua
348 1391 393 1463 sit
409 1388 482 1462 solo
501 1407 648 1491 tempore
665 1389 758 1491 lapsa
772 1389 863 1464 fides.

163 1509 255 1607 Quid
271 1533 389 1607 precor
404 1501 542 1578 infelix?
558 1505 622 1602 jam
640 1522 672 1579 te
691 1523 780 1579 tenet
797 1504 897 1580 altera
916 1507 1039 1603 conjux

208 1620 377 1708 Forsitan,
396 1637 446 1707 et,
464 1619 563 1692 nobis
582 1621 639 1719 qui
655 1619 738 1694 male
756 1619 850 1707 savit,
869 1648 971 1693 amor.

192 1794 234 1866 94.
252 1792 354 1844 Oscula.
371 1789 488 1842 Mureti:
503 1791 614 1855 Iungere
622 1808 672 1856 per
716 1800 813 1843 tamen.
823 1792 958 1858 -Lapsu
965 1790 1044 1843 Unus
1050 1788 1130 1842 codex
1137 1792 1221 1857 lassa,

160 1874 251 1936 longas
271 1872 346 1919 basia
363 1885 455 1933 pressa
472 1885 562 1919 moras.
579 1864 632 1918 Sed
654 1885 668 1918 a
717 1868 780 1920 alius
793 1872 867 1927 Iaca,
884 1867 925 1920 vel
941 1871 1010 1919 lesa.
1023 1867 1152 1940 Porphyr.
1164 1869 1222 1922 Pa·

160 1965 224 1999 roce
240 1949 314 1997 basia
330 1943 442 1997 studiose
462 1942 585 1997 abstinuit
601 1941 669 1995 Ori·
716 1964 774 2014 neg.
787 1944 819 1997 ad
833 1942 970 1998 Constant.

160 2024 232 2090 dius,
245 2040 331 2090 neque
343 2021 371 2074 in
384 2020 504 2074 omnibus
516 2021 572 2088 ejus
581 2020 670 2089 operi-
842 2061 859 2073 ..
868 2061 874 2072 .
884 2036 941 2074 cunr
950 2034 987 2072 sub
995 2034 1065 2073 marris
1075 2034 1150 2086 iniqui,

161 2102 210 2155 bns
220 2099 262 2153 vel
272 2098 353 2151 semel
365 2097 496 2163 occurrit,
514 2097 563 2149 nisi
574 2096 670 2165 nequi·
788 2103 911 2143 Nullitloew
919 2103 973 2142 fides-
1103 2105 1181 2144 tinus.

160 2179 197 2233 tia
218 2176 404 2240 librariorum,
429 2173 474 2242 qni
495 2192 554 2225 eam
576 2176 670 2225 osculis
715 2174 759 2228 Sic
771 2185 797 2228 et
811 2177 905 2229 Horat.
920 2198 940 2229 1.
951 2175 1004 2230 Od.
1016 2177 1064 2242 33,
1076 2196 1099 2228 v.
1110 2177 1143 2229 3:

161 2273 229 2325 sepe
251 2253 339 2322 ejectis
355 2250 551 2304 substituerunt.
571 2250 669 2302 Bunu.
914 2266 1071 2315 unriurjana

161 2360 196 2376 -
209 2333 304 2385 Oscula
317 2357 350 2368 -
358 2344 456 2394 pressa.
469 2326 559 2378 Presse
570 2324 668 2389 inlita,
765 2325 823 2365 ΒΜ
832 2327 930 2376 prasium
939 2327 983 2364 fide·

163 2407 247 2480 qualia
257 2405 342 2460 solent
357 2422 411 2457 esse
424 2402 588 2467 amantium,
612 2419 669 2471 quae
716 2396 841 2449 Francius
854 2399 932 2450 etiam
945 2399 1048 2464 mallet,
1065 2407 1222 2469 aereaere,

163 2486 321 2553 nonpmst’s
332 2490 436 2534 tantum
447 2479 533 2544 labiis,
545 2477 591 2532 sed
602 2478 670 2530 den·
717 2483 747 2525 ut
758 2484 796 2525 est
807 2474 835 2525 iu
845 2474 999 2542 quibusdam
1010 2478 1117 2544 seriptis.
1127 2480 1224 2533 Buttut.

162 2564 245 2628 tibus,
255 2560 423 2630 plerumque,
436 2556 510 2609 etvel
517 2556 572 2625 ipso
580 2572 670 2607 morsu
752 2549 805 2601 103.
816 2552 877 2602 lam
889 2557 914 2602 te
926 2557 1002 2603 tenet.
1015 2553 1096 2604 Solita
1107 2557 1225 2609 mulieri-

162 2641 319 2696 inseruntur.
331 2636 398 2688 Hor.
409 2651 435 2701 t,
448 2632 502 2687 Od.
517 2633 561 2699 13,
574 2652 597 2684 v.
612 2652 638 2684 u
651 2649 658 2684 :
715 2625 764 2677 bns
773 2625 882 2693 loquela.
895 2626 939 2679 Sic
948 2627 1080 2697 Penelope
1090 2650 1099 2681 1
1109 2669 1117 2695 ,
1129 2630 1177 2698 Ep.
1185 2638 1226 2701 75.

423 2721 596 2773 sampsorum·
717 2702 871 2756 Notandum
877 2715 965 2757 autem
972 2716 1011 2758 est
1018 2725 1068 2773 qua
1076 2715 1131 2758 arte
1140 2726 1226 2763 unum

188 2783 620 2842 Impmsiemortmdwtehbr'twvtm·
716 2781 1227 2852 semperquerelarumgenusvariaverit

196 2863 235 2936 9&
252 2863 327 2913 Face.
348 2859 401 2909 Fac
412 2855 492 2908 editio
503 2874 543 2923 pr.
556 2863 583 2906 et
596 2851 671 2905 multi
718 2855 848 2923 Ovidium
873 2858 1008 2927 quomodo
1024 2859 1083 2912 alias
1100 2860 1227 2930 loquendi

163 2937 264 3008 seripti3
276 2934 322 2990 sed
333 2933 408 2987 male.
420 2933 489 2985 Fast.
500 2948 526 2998 t,
538 2932 599 3000 ²⁸7²
716 2934 830 3002 formas,
853 2934 914 2989 alios
930 2936 1028 2989 colores
1045 2956 1094 2989 nec
1111 2937 1226 2995 diversos

164 3026 455 3075 1m‚·s„..mpm,
466 3020 669 3072 perquiritatum
717 3019 806 3064 tamen
823 3011 856 3064 ad
873 3011 965 3065 eadem
979 3032 1046 3083 saepe
1063 3016 1154 3085 sepius
1169 3017 1226 3071 ite-

163 3120 188 3153 ς,
198 3101 261 3171 ⁶9⁰²
717 3087 814 3157 rande,
828 3088 989 3155 adhibuerit,
1002 3093 1170 3162 prestigiator
1178 3097 1226 3148 mi·

178 3171 574 3221 lesmonasterium-estimaret.
589 3172 669 3211 tinus.
716 3164 811 3218 rificus.
830 3193 865 3208 ·-
881 3168 974 3220 Altera
990 3171 1090 3236 conjux.
1112 3171 1226 3225 Videtur

198 3242 671 3314 roo.Etspec!emetc.,vividaetin·
717 3242 831 3296 alludere
860 3242 892 3296 ad
921 3245 1050 3298 Laodicen
1073 3247 1224 3316 virginem,

163 3323 295 3395 dignantis
302 3323 419 3387 iteratio,
433 3322 474 3375 cni
481 3340 581 3373 novum
591 3323 670 3375 etiam
719 3338 797 3388 quam
806 3321 960 3375 Plutarchus
969 3323 1047 3376 tradit
1057 3325 1123 3377 clam
1133 3328 1227 3397 cogni·

164 3403 246 3454 robur
256 3401 375 3455 additum
387 3419 417 3453 ex
429 3399 482 3468 ipsa
493 3398 670 3468 interrogandi
718 3406 772 3449 tam
785 3397 996 3468 Demophoonti,
1014 3402 1173 3456 Munichum
1187 3405 1226 3456 fi-

163 3479 256 3531 sonna.
264 3478 317 3532 Sed
326 3496 406 3547 quam
416 3481 511 3528 nanim
518 3482 547 3527 e!
553 3479 672 3528 mutabile
717 3473 782 3526 lium
793 3475 910 3543 genuisse
921 3497 928 3529 ε
940 3477 980 3530 alii
991 3476 1138 3532 Gallionem
1149 3482 1227 3536 fuisse

163 3572 263 3619 semper
262 3556 376 3620 flemina!
389 3554 428 3607 Ut
439 3571 521 3623 prona
532 3571 592 3605 mox
603 3552 671 3606 redit
717 3551 840 3604 scribunt.
853 3553 986 3608 Vorscus.
1005 3555 1075 3624 Quae
1088 3557 1129 3610 hic
1148 3559 1228 3612 Vols·

165 3629 198 3684 ad
210 3629 327 3683 mitiores
338 3632 418 3684 animi
429 3631 529 3685 sensus!
542 3633 671 3683 Ettamen
717 3645 762 3679 cus
784 3627 817 3681 de
842 3629 973 3697 Laodice,
998 3643 1025 3686 et
1048 3633 1102 3687 lilio
1126 3635 1228 3689 Demo·

165 3704 298 3773 exspecto!
718 3702 840 3773 phoontis
856 3706 984 3761 blnnicho
1000 3730 1031 3763 ex
1047 3711 1089 3763 illa
1105 3724 1170 3765 nato
1182 3733 1228 3767 re-

175 3805 177 3809 ·
202 3800 256 3834 ros.
273 3782 545 3854 Temporelapsafides.
556 3783 595 3837 Ut
606 3783 671 3835 fides
717 3782 782 3845 sert,
799 3801 830 3835 ea
841 3794 980 3852 antequam
997 3788 1025 3839 in
1040 3788 1182 3843 Thraciam
1201 3801 1230 3844 et

167 3871 211 3914 tna
228 3857 344 3922 labatur,
365 3858 465 3925 idest,
483 3859 598 3927 deficiat,
615 3859 670 3912 solo
718 3856 750 3909 ad
764 3856 901 3930 Phylliden
913 3864 1024 3918 venisset
1032 3865 1229 3935 Demophoon,

168 3931 291 4002 temporis
311 3932 469 3999 intervallo,
505 3956 560 3989 non
582 3947 670 3990 antem
718 3934 871 3989 acciderant
893 3937 984 4006 Quam
1000 3942 1112 3995 fabulam
1128 3943 1229 4012 prolixe

169 4013 258 4081 reipsa.
273 4006 362 4059 Serius
373 4006 463 4061 redeas
474 4029 553 4076 quarn
564 4033 579 4065 a
590 4023 615 4065 te
627 4013 671 4080 jn·
718 4011 797 4065 tradit
809 4013 964 4071 Parthenius
982 4020 1009 4071 in
1028 4020 1139 4072 Eroticis
1156 4040 1162 4073 :
1179 4023 1230 4076 nisi

170 4098 256 4145 ntum
264 4082 328 4147 suit,
339 4081 385 4133 sed
395 4084 477 4136 serius
485 4088 568 4155 ocius,
581 4089 671 4144 redeas
719 4088 789 4158 qnod
806 4089 827 4144 is
844 4091 1016 4149 Acamantem
1034 4097 1156 4152 nominet
1168 4099 1230 4152 sra-
