2754 5160
384 37 583 362 Η
811 353 817 363 o

156 742 223 811 360

483 739 750 811 EPISTOLA
774 742 904 811 xlx.-

157 882 242 982 Sper
259 896 367 954 tamen
385 896 437 954 est
451 877 564 956 fractis
579 880 693 954 vicina
709 880 802 982 pacis
817 881 855 954 in
871 880 971 956 undis
985 908 998 956 τ

203 996 291 1066 Tum
307 992 452 1093 placidas
470 1010 543 1067 tuto
561 1011 694 1095 pectore
710 993 801 1070 finde
817 995 899 1070 rias.

156 1112 302 1197 Interea,
320 1110 415 1183 nanti
431 1111 588 1211 quoniam
605 1111 693 1191 freta
706 1111 820 1212 pervia
834 1140 905 1187 non
922 1128 1017 1200 sunt,

205 1225 324 1299 Leniat
339 1225 460 1300 invisas
476 1225 572 1303 litera
587 1227 689 1302 missa
703 1254 823 1301 moras.
840 1231 860 1271 *

190 1413 246 1464 ²⁰7·
265 1396 325 1462 Spes
334 1401 418 1448 tanen
427 1397 603 1465 estsmclr's...„
613 1388 668 1450 ιη’-

157 1473 215 1525 dts:
225 1477 253 1524 in
264 1475 338 1525 unde's
347 1473 388 1527 vel
398 1473 468 1543 ipso,
479 1474 525 1544 qui
534 1493 607 1529 nunc
616 1474 666 1545 agi·

158 1560 210 1617 tat,
223 1552 427 1620 suroresmctis,
446 1551 472 1604 id
485 1562 541 1619 est,
557 1553 666 1623 pacatis,

160 1627 230 1696 quod
238 1647 349 1698 sequens
359 1629 447 1683 statim
457 1629 554 1686 indicat
564 1651 667 1698 versus,

159 1714 212 1758 terr
218 1709 339 1772 place‘daes
350 1717 398 1761 etc.

192 1785 247 1836 aod
266 1786 668 1860 Tuplacr'dastolopectorefiaele

158 1865 224 1913 vrbs.
239 1863 309 1914 Tunc
321 1873 433 1931 quatuor
440 1866 543 1936 scripti:
556 1868 667 1922 totidem

165 1940 227 1990 Tm
247 1955 255 1986 ··
279 1950 421 2010 utrumqne
438 1942 524 2007 bene,
547 1964 591 1997 ser
612 1953 668 1999 tato

154 2023 283 2084 pectore:
304 2016 355 2070 vid.
376 2038 446 2089 supr.
463 2041 487 2073 v.
503 2042 550 2095 92,
570 2035 597 2076 et
617 2024 668 2079 ltoc

160 2094 249 2163 probe.
260 2094 456 2164 Scn'rerianus,
469 2102 583 2166 placitas
594 2107 667 2155 vias:

160 2171 667 2244 quodetiamarridet.Sicplacr'taboaea.

160 2249 241 2320 Epist
255 2251 366 2306 Helene
374 2272 381 2305 ι
390 2258 491 2322 placila
495 2260 584 2324 puella
589 2257 632 2311 lib
641 2275 666 2326 1,

161 2329 218 2381 Art.
225 2328 285 2381 Am.
295 2330 337 2402 37,
346 2333 494 2402 exantiquis
501 2333 577 2388 libris.
587 2336 623 2388 H.

191 2425 246 2479 aoq
266 2409 349 2460 Nunti
358 2408 432 2476 freta
439 2417 528 2478 perviis
539 2432 589 2465 nor
600 2420 668 2466 sant.

161 2482 276 2537 Subaud.
286 2489 346 2552 tate}
355 2496 382 2539 et
390 2487 489 2542 dictum
499 2489 606 2559 quidem
615 2490 669 2542 iro-

162 2562 219 2615 nice
237 2563 354 2632 putabis,
378 2565 458 2618 modo
477 2578 501 2621 te
522 2570 619 2624 reseras
635 2568 669 2623 ad

162 2658 185 2690 ν.
199 2640 230 2691 83
241 2680 247 2705 ,
260 2650 286 2692 et
297 2661 353 2710 sqq.
368 2641 446 2713 hujus
459 2644 588 2715 Epistola.

197 2736 252 2769 aro.
279 2720 372 2772 lenm
387 2727 482 2777 irritas
498 2729 573 2778 litem
590 2731 670 2780 rrr’ssa

159 2813 248 2847 moras.
272 2796 337 2850 llaec
354 2811 391 2852 est
406 2812 525 2856 veterum
541 2804 669 2858 librorum

160 2872 244 2926 lectio.
251 2877 667 2947 Me'ssaatemihi.1m'snseroms,

162 2950 231 3018 quod
254 2952 298 3004 odi
319 2954 427 3025 longum
451 2969 561 3028 tempus.
590 2959 669 3015 Ctor.

161 3031 248 3080 Lirem
253 3037 339 3084 rosim
346 3033 395 3085 alii.
405 3036 493 3086 litera
499 3042 557 3088 usia
564 3036 669 3106 Regius.

162 3109 257 3159 Lenem
265 3114 400 3162 e'armensas
411 3112 490 3165 etiam
499 3112 671 3169 Sarrarinnus

164 3202 270 3236 amann
280 3185 372 3253 prima.

194 3261 207 3283 *
223 3261 385 3332 Exquisirit,
405 3277 534 3320 scrutator
553 3267 669 3339 diligen-

163 3339 275 3394 tissimus
282 3341 323 3393 rir
331 3341 362 3395 de
372 3343 473 3397 Museo
482 3365 561 3415 quarn
571 3348 669 3416 optime

163 3420 288 3487 meritus,
301 3441 351 3474 nec
360 3420 483 3492 indignus
492 3443 553 3478 sane
562 3426 607 3494 qui
617 3426 671 3480 cla-

163 3497 257 3552 rissimi
268 3518 295 3553 se
306 3497 404 3572 Heynii
417 3500 571 3571 discipulum
583 3504 671 3573 proli-

163 3588 285 3644 teretur,
311 3576 398 3630 Carol.
415 3579 509 3633 Franc
531 3582 669 3647 Herbneb,

165 3656 279 3725 (Prosat.
291 3656 324 3709 ad
336 3657 418 3722 Mus.)
430 3657 457 3710 in
470 3676 584 3727 quanam
596 3671 671 3714 aetate

163 3734 257 3787 fabule
265 3733 344 3803 hujus
352 3734 384 3788 de
394 3735 504 3789 Herone
515 3736 672 3792 etLeandro

164 3812 305 3883 querenda
320 3813 373 3867 sint
393 3813 548 3868 incunabula
563 3827 672 3868 :utrum

164 3910 195 3944 ea
210 3891 343 3944 vetustatis
361 3892 540 3946 auctoritatem
558 3891 670 3960 habeat,

169 3988 201 4021 an
211 3968 568 4023 seriusdemumsitinventa.
591 3969 673 4037 Quod

165 4047 272 4114 quidem
296 4046 429 4116 indaganti
460 4045 605 4116 petendum
634 4059 673 4102 est

165 4124 313 4191 presidium
335 4124 430 4195 partim
450 4143 481 4177 ex
501 4144 529 4176 re
553 4135 673 4178 veterum

166 4203 301 4265 numeria,
319 4203 416 4272 partim
427 4223 457 4256 ex
470 4203 545 4256 variis
562 4204 674 4256 mentio·

167 4276 243 4329 nibus
258 4280 326 4348 apud
342 4282 480 4351 scriptores
493 4282 613 4351 antiquos
626 4283 674 4334 in-

167 4354 329 4424 vestigandis.
343 4358 399 4412 llos
411 4360 480 4412 inter
488 4359 608 4430 princeps
616 4361 674 4411 Vir·

168 4431 256 4501 gilius,
270 4434 314 4502 qui
326 4435 353 4486 in
364 4438 422 4490 loco
435 4437 619 4504 celeberrimo,
631 4437 674 4490 lib.

168 4507 265 4579 Georg.
288 4527 344 4578 111,
370 4514 419 4566 258
437 4523 464 4567 et
482 4533 538 4584 sqq.
556 4515 600 4567 ubi
621 4515 674 4567 vim

716 1397 812 1451 amoris
829 1395 859 1450 in
878 1413 961 1449 omne
988 1394 1134 1450 bominum
1154 1399 1226 1452 sera-

715 1493 828 1545 rumqne
848 1492 930 1545 gentes
952 1473 1081 1545 exemplis
1098 1474 1226 1542 illustrat,

715 1551 1104 1607 interalialaeandriaudaeiam
1110 1553 1224 1623 attingit,

715 1632 760 1686 sed
777 1632 885 1699 leviter,
904 1651 953 1685 nec
965 1631 1104 1685 nourinato
1119 1631 1227 1700 quidem

714 1711 839 1777 Juvene,
859 1720 968 1763 utrem
989 1710 1052 1763 s'atis
1071 1718 1177 1777 notam,
1199 1719 1227 1762 et

714 1788 806 1844 lectori
815 1789 920 1844 cuilibet
931 1789 1046 1843 obviam.
1059 1788 1131 1843 lllius
1137 1808 1228 1843 exem-

716 1868 759 1938 plo
772 1868 886 1923 Ovidius
894 1877 1083 1939 argumentum
1094 1866 1145 1922 boc
1153 1877 1227 1920 trac-

716 1945 827 2000 tandum
839 1945 969 2016 suscepit,
985 1955 1014 1998 nt
1027 1956 1088 2016 pote
1100 1943 1171 2014 quod
1181 1943 1228 2014 ipsi

716 2025 845 2090 arriserit,
858 2025 1088 2094 quinamatorium
1098 2062 1107 2088 ,
1119 2041 1171 2077 nec
1180 2021 1228 2074 in-

717 2112 820 2172 gratum
830 2104 886 2155 fore
899 2102 1038 2156 lectoribus
1045 2101 1098 2155 suis
1107 2097 1226 2154 eredide-

716 2182 758 2234 rit
781 2180 860 2234 Nulla
875 2181 957 2252 igitur
973 2179 1113 2249 virgiliana
1129 2175 1229 2231 certior

716 2258 876 2322 auctoritas,
904 2276 955 2312 nec
972 2255 1101 2325 antiquior
1120 2273 1129 2306 ε
1154 2252 1229 2306 unde

717 2355 780 2388 vero
797 2335 912 2388 fabulam
930 2334 971 2389 ille
986 2333 1120 2400 hauserit,
1139 2333 1230 2387 incer-

718 2423 775 2466 tum
790 2413 909 2466 omnino.
928 2413 982 2466 Pro
997 2410 1081 2464 nihilo
1097 2410 1174 2463 enim
1191 2411 1229 2463 [a-

716 2490 842 2544 ciendum
856 2530 865 2556 ,
891 2490 964 2561 quod
980 2490 1058 2543 allert
1075 2488 1227 2550 Domitius,

717 2567 749 2621 ad
762 2568 829 2623 Stat
842 2564 944 2636 Silva,
958 2566 1051 2621 Carm.
1063 2588 1094 2635 a,
1107 2569 1156 2638 87,
1173 2565 1228 2620 bis·

716 2647 811 2701 toriam
824 2647 894 2701 hanc
904 2647 1022 2701 Leandri
1035 2647 1160 2718 Apellem
1172 2645 1227 2715 pie-

717 2733 776 2778 tura
788 2724 869 2779 nobili
881 2725 1025 2779 celebrasse
1038 2746 1046 2788 ς
1064 2744 1150 2794 quum
1161 2721 1226 2776 tende

716 2801 766 2855 boc
774 2803 911 2873 petiverit,
923 2815 951 2857 et
963 2804 1059 2873 quibus
1072 2800 1227 2874 argumenti

717 2879 872 2947 confirmet,
884 2900 940 2933 non
953 2881 1087 2951 proferat,
1100 2900 1151 2934 nec
1162 2878 1227 2932 tabu·

716 2953 770 3011 lam
783 2959 854 3012 inter
863 2958 964 3027 Apellis
975 2977 1058 3028 opera
1072 2957 1172 3011 Plinius
1181 2974 1226 3008 re-

717 3045 831 3101 censeat,
841 3036 934 3089 Natur.
947 3036 1050 3089 Histor.
1059 3051 1145 3099 xxxv,
1157 3052 1177 3085 c
1188 3049 1225 3084 ιο.

718 3114 780 3167 Νοιι
797 3113 889 3182 caliges
901 3113 1010 3181 minus,
1026 3114 1046 3167 si
1058 3132 1073 3166 a
1084 3111 1180 3165 latinis
1191 3108 1225 3162 ad

717 3189 856 3259 scriptores
867 3188 974 3245 Groecos
988 3190 1123 3245 uansieris.
1138 3189 1224 3243 Face-

718 3280 780 3321 rent
797 3266 925 3337 quidem,
956 3287 1018 3338 quse
1038 3267 1226 3330 indicarimus,

719 3345 852 3415 Antipatri
859 3344 1067 3416 Epigrammata.
1075 3345 1145 3416 Quis
1152 3362 1225 3407 vero,

720 3442 803 3490 quum
821 3423 907 3492 plures
924 3425 1074 3477 exstiterint
1092 3423 1168 3491 hujus
1183 3439 1225 3474 no·

719 3501 798 3555 minis
809 3512 909 3572 poetae,
928 3523 958 3557 ea
970 3504 1060 3573 potius
1073 3500 1224 3556 Macedonio

720 3579 862 3648 Antipatro
878 3580 1044 3648 adscripserit
1063 3582 1110 3650 qui
1123 3581 1151 3632 in
1161 3578 1226 3632 Pu-

719 3655 782 3726 lippi
794 3667 897 3710 aetatern
909 3656 1023 3725 incidit,
1042 3678 1127 3727 quam
1143 3656 1226 3711 The-

719 3735 886 3802 salonicensi,
899 3735 970 3804 juxta
983 3736 1116 3790 Brunckii
1127 3744 1226 3788 senten-

720 3812 803 3879 tiam,
820 3813 865 3881 qui
881 3813 965 3866 multo
979 3814 1064 3868 serius
1082 3825 1158 3868 etate
1172 3813 1227 3865 An-

721 3891 788 3961 gusti
802 3889 928 3957 Cesaris,
943 3891 1044 3944 Tiberii
1058 3902 1089 3945 et
1106 3891 1163 3946 Caii
1181 3888 1228 3942 Ca·

720 3967 805 4039 ligulae
817 3969 897 4040 impp.
909 3969 993 4022 vixit?
1006 3970 1070 4023 Non
1086 3971 1165 4025 dubia
1178 3968 1227 4022 mi-

721 4066 771 4100 nus
783 4048 819 4100 rei
832 4048 960 4101 numeria
971 4049 1123 4103 auctoritas.
1136 4049 1229 4118 super-

720 4136 784 4180 sunt
801 4124 910 4194 quidem
928 4125 1127 4198 Abydenorum
1142 4124 1227 4188 numi.

721 4203 749 4255 in
757 4202 849 4272 quibus
858 4203 998 4257 Heronem
1006 4224 1092 4257 manu
1101 4205 1229 4260 lucernam

721 4278 940 4350 protendentem,
954 4281 1165 4354 Leandrumque
1173 4298 1228 4336 cum

723 4357 842 4411 lluctibus
854 4359 1038 4414 colluctantem
1050 4401 1059 4428 ,
1079 4361 1227 4431 conspicias:

722 4434 767 4489 sed
780 4454 862 4504 quum
879 4437 911 4488 ad
929 4448 1034 4492 sctaoem
1050 4437 1186 4493 caretate
1200 4444 1227 4487 tl

724 4513 865 4569 Alexandri
884 4514 975 4569 Severi
993 4517 1134 4573 manifeste
1145 4511 1228 4586 perti·
