2790 4696
164 286 224 351 188
506 285 770 356 EPISTOLA
794 290 861 358 IX.

208 418 303 495 Alter
319 419 410 496 fatali
426 421 519 497 vivus
536 425 572 498 in
589 427 664 522 igne
682 426 768 500 luit:

161 536 280 630 Exegit
296 537 418 611 ferrum
435 567 495 613 sua
511 569 571 641 per
586 542 766 645 precordip
780 559 895 617 mater.

209 650 315 750 Impia
331 653 412 752 quid
431 653 563 730 dubitas
581 658 738 730 Deianira
748 652 862 728 mori?

160 763 331 863 Deprecor
342 765 407 840 hoc
422 797 544 857 unum,
561 772 709 871 perjura
725 770 896 844 sacerrima
912 767 1005 858 lecti,

208 881 259 953 Ne
276 881 387 955 videar
403 883 479 958 fatis
496 886 651 960 insidiata
668 886 746 959 tuis.
1180 909 1228 960 160

161 997 303 1084 Nessus,
322 1017 361 1071 nt
378 1018 429 1073 est
446 1002 577 1076 avidum
593 1029 769 1103 percussus
787 999 947 1074 arundine
964 1015 1099 1100 pectus,⁴

211 1112 292 1200 Hic,
311 1113 409 1202 dixit,
428 1116 513 1190 vires
530 1118 666 1212 sanguis
683 1117 804 1190 amoris
821 1115 931 1190 babet.

161 1224 248 1299 Illita
262 1230 388 1303 Nesseo
403 1230 478 1304 misi
498 1232 561 1304 tibi
579 1248 668 1305 texta
684 1260 821 1305 veneno.

209 1344 314 1443 Impia
333 1344 414 1444 quid
429 1344 563 1419 dubitas
581 1347 739 1420 Deianira
754 1346 864 1419 mori?

159 1458 300 1558 Jamque
316 1457 402 1546 vale,
418 1459 594 1559 seniorque
608 1478 716 1561 pater,
734 1488 957 1560 germanaque
978 1459 1108 1554 Gorge,
1180 1483 1228 1535 165

211 1577 256 1647 Et
274 1575 395 1674 patria,
414 1594 448 1649 et
463 1576 578 1675 patriae
594 1576 694 1650 frater
710 1576 836 1650 ademte
855 1594 928 1649 tuae.

161 1793 244 1863 sugit,
259 1793 291 1847 ad
299 1794 441 1847 Adrastum
449 1813 555 1863 regem,
568 1795 612 1862 qui
620 1795 668 1848 be·
751 1799 805 1866 157.
820 1797 916 1863 Exegit
923 1795 1022 1861 fem
1032 1812 1079 1847 sua
1090 1813 1140 1862 per
1147 1813 1226 1862 pre-

162 1871 241 1939 nigne
254 1871 399 1941 sugientem
410 1873 526 1941 excepit,
548 1883 574 1925 et
593 1891 668 1925 suam
716 1876 802 1925 cordia
821 1879 907 1924 mater.
928 1872 1041 1938 Althea,
1057 1881 1086 1924 ut
1104 1881 1224 1938 notum,

161 1945 185 1997 ei
199 1944 279 1998 filiam
299 1946 440 2016 Deiphilen
461 1965 569 2000 uxorem
590 1945 669 1999 dedit.
718 1949 846 2020 Meleagri
858 1960 956 2015 mater,
968 1949 1054 2002 audita
1064 1948 1110 2002 filii
1119 1961 1227 2016 morte,

161 2021 228 2075 Stat.
251 2022 335 2076 Theb.
356 2041 374 2076 1.
393 2051 426 2064 -
446 2027 544 2092 Ignotr's
563 2029 591 2076 ίι
610 2029 669 2076 oni.
718 2027 1229 2097 gladioseipsaminterfecit3rel,teste

163 2098 268 2167 Quaerit
280 2101 421 2169 Heinsius,
438 2107 597 2170 euregnolas
612 2120 670 2153 oms
718 2104 798 2157 Diod.
818 2105 897 2159 Sicul.
920 2105 1013 2173 laqueo
1033 2106 1114 2158 vitam
1134 2105 1229 2157 finivit.

162 2178 248 2248 Argos
257 2178 384 2246 Deianira
393 2190 478 2246 vocat,
487 2190 514 2233 et
523 2180 596 2233 malit
608 2182 671 2231 Ina·
720 2183 788 2235 Rem
795 2183 873 2253 paulo
881 2182 955 2236 aliter
967 2193 1056 2235 narrat
1067 2181 1187 2252 Apollod.
1199 2197 1228 2248 1,

162 2258 228 2309 chri}
239 2261 266 2309 eir
276 2264 328 2310 on's
339 2277 347 2308 .·
358 2258 403 2310 sed
418 2257 559 2326 respondet
578 2258 670 2310 Burm.
719 2279 774 2329 cap.
787 2262 811 2313 8.

164 2333 221 2387 fieri
234 2354 323 2402 posse,
346 2344 375 2386 ut
386 2336 518 2404 ignoraret
529 2335 571 2387 illa
583 2354 670 2402 quoae
754 2338 808 2390 160.
824 2340 865 2391 Ne
875 2340 1041 2406 valdearsatrlr
1057 2349 1105 2393 eto
1130 2340 1231 2391 Thala-

163 2410 270 2483 Tydeus
281 2413 426 2480 recepisset.
439 2413 500 2465 Non
513 2431 544 2464 ea
556 2432 618 2465 sane
629 2412 669 2478 lis,
718 2421 767 2468 mr's
792 2415 850 2469 edd.
870 2417 951 2486 princ,
981 2416 1063 2483 Alite,
1087 2415 1179 2481 aliter,
1199 2424 1232 2467 ut

163 2507 221 2558 qua
233 2498 319 2542 tantos
329 2489 397 2543 viros
407 2491 433 2541 in
446 2489 670 2558 variasopiniones
719 2495 801 2546 lr'lnlis
819 2498 888 2556 tuis,
915 2498 966 2545 turb
989 2499 1052 2546 toris
1072 2503 1120 2544 ete
1140 2491 1233 2545 Prisca

163 2567 325 2621 distraheret.
333 2569 438 2634 Ignatii,
445 2577 595 2620 constanter
603 2564 671 2636 apud
720 2570 856 2638 quadam,
873 2575 934 2622 totis
946 2570 1063 2622 insidiata
1074 2573 1142 2620 loris.

165 2643 225 2697 edd.
238 2645 313 2713 prim.
755 2647 807 2712 164.
830 2649 912 2713 Imprir
929 2649 991 2715 qm'd
998 2649 1100 2697 dubitas
1115 2654 1164 2695 etc.
1185 2646 1234 2700 De

199 2724 253 2776 156.
265 2725 346 2776 Alter.
356 2725 519 2787 Germanus;
537 2723 671 2792 Meleager
718 2743 794 2776 versu
803 2723 852 2776 hoc
862 2727 1018 2783 mercatori,
1033 2732 1124 2790 quater
1134 2721 1234 2774 inter-

164 2800 273 2866 scilicet‚
287 2800 319 2855 de
332 2821 384 2870 quo
396 2803 508 2868 Noster,
525 2802 591 2853 Met.
603 2816 670 2865 run,
719 2801 785 2852 vallo
803 2800 916 2852 breviori
936 2800 1062 2868 repetito,
1090 2797 1177 2851 dicam
1202 2801 1235 2854 id

164 2881 209 2944 451
221 2888 247 2931 et
254 2899 309 2948 sqq.
330 2884 407 2933 Virus
413 2886 440 2933 in
446 2880 568 2949 1'gacfnae'1.
586 2879 672 2946 ltapa·
719 2896 812 2943 unum,
822 2895 877 2929 non
890 2879 1042 2945 frequenter
1054 2875 1231 2945 adeosecum,

164 2976 225 3008 rum
232 2958 309 3011 video
319 2958 362 3010 ubi
370 2958 447 3011 lateat
455 2961 584 3017 mendum,
600 2953 671 3024 quod
720 2977 753 3010 an
767 2955 912 3021 moriatur,
933 2958 1064 3015 dubitare,
1086 2953 1127 3006 cui
1137 2963 1189 3007 stat
1200 2954 1231 3008 in

163 3033 206 3088 bie
223 3035 325 3090 subesse
340 3037 504 3105 suspicantur
522 3033 622 3099 critici,
642 3041 673 3083 ut
720 3035 808 3088 animo
827 3032 908 3085 fixum
930 3034 1123 3100 immotumque
1147 3037 1231 3096 κοπίς

163 3123 254 3166 contra
261 3115 434 3168 amovendam
443 3131 547 3182 prorsus
555 3109 670 3179 judicem
720 3132 769 3167 nec
781 3111 924 3180 plurimum
939 3110 1064 3164 lectorem
1075 3128 1182 3161 movere
1194 3109 1233 3162 is-

165 3191 268 3245 Francii
288 3192 448 3258 lectionem,
470 3190 528 3258 qui,
547 3194 628 3240 tostas
644 3192 672 3239 in
720 3191 770 3243 tius
781 3188 854 3241 modi
865 3189 955 3242 luctus.
965 3190 996 3240 Si
1004 3194 1043 3239 vis
1052 3207 1090 3239 me
1092 3190 1169 3254 fiere,
1182 3190 1233 3240 do-

163 3273 237 3334 igas,
255 3269 397 3339 legendum
416 3267 576 3334 conjiciebat.
598 3262 673 3333 Quid
719 3271 819 3320 lendum
827 3278 866 3320 est
873 3269 988 3336 primum
997 3266 1042 3317 tibi
1053 3288 1059 3328 ;
1071 3283 1126 3317 non
1138 3274 1231 3317 autem

165 3345 237 3397 enim
245 3366 308 3400 vero
319 3348 450 3416 poeticum
462 3345 552 3414 magis,
560 3345 672 3414 magisve
721 3346 827 3415 proprio
839 3346 874 3398 sic
889 3344 973 3397 dolori
988 3341 1160 3395 illudendum.

165 3420 277 3477 historiae
302 3424 429 3493 Meleagri
448 3433 673 3487 consentaneum,
745 3425 799 3478 155.
811 3425 984 3491 Genuamque
998 3423 1087 3487 Gorge.
1096 3419 1232 3487 Deianira

165 3503 246 3557 modo
257 3506 313 3574 quis
324 3504 395 3557 illam
407 3503 453 3556 sibi
467 3503 494 3554 in
507 3501 626 3554 animum
634 3520 674 3552 re·
721 3521 809 3567 soror,
821 3520 878 3569 quae
890 3501 977 3569 nupsit
994 3498 1177 3563 Andremoni,
1199 3517 1232 3550 ex

165 3592 256 3647 vocet,
277 3600 356 3650 quam
377 3581 462 3635 dicere
481 3583 600 3631 vlrnmin
615 3584 675 3644 igne
723 3599 774 3649 qno
783 3578 899 3650 Oxylum
908 3578 1026 3645 suscepit,
1036 3595 1089 3644 quo
1097 3575 1162 3628 duce
1173 3575 1234 3628 He-

156 3659 259 3724 sm'sse,
276 3678 375 3728 quum,
387 3658 563 3722 licetabsens‚
577 3656 674 3709 sensim
722 3657 824 3711 raclidae
844 3657 1057 3724 Peloponnesum
1076 3671 1234 3722 recuperare

164 3736 218 3803 ipse
224 3739 432 3802 combureretur,
438 3745 516 3805 prout
523 3734 626 3787 fatalem
632 3733 674 3786 sti·
722 3743 897 3789 tentaverunt„
908 3734 1018 3786 Pausan.
1027 3746 1077 3797 111,
1087 3734 1110 3783 5.
1119 3747 1201 3799 -v11‚
1213 3751 1234 3783 1.

168 3813 250 3880 pitem
263 3814 369 3867 flamma
378 3815 476 3882 fatalis
489 3810 675 3865 consumeret?
723 3809 844 3881 Apollod.
855 3825 891 3876 11,
908 3811 930 3861 8.

167 3905 244 3945 luscius
252 3915 311 3957 atque
318 3906 387 3946 ubsem
394 3908 470 3946 flamma
477 3907 587 3955 Meleagros
595 3908 615 3944 in
623 3907 657 3944 illa
757 3888 811 3940 165.
824 3889 917 3938 Patn'ae
922 3888 1022 3955 studet,
1039 3890 1156 3957 ademple
1167 3887 1233 3938 Iul

167 3978 417 4028 urinaque-simoenti
428 3982 503 4018 vium
511 3981 570 4018 mm
723 3965 756 4019 de
776 3964 870 4037 Tydeo
889 3964 1107 4035 intelligendum
1124 3983 1180 4018 non
1199 3962 1234 4015 de

167 4052 256 4102 ignibus.
406 4052 642 4094 blandinensis.
725 4043 876 4115 Meleagro,
891 4043 997 4112 quijam
1009 4043 1129 4111 perierat.
