2754 5160
154 800 220 884 ps
370 797 439 863 sn
472 791 989 864 n1v1snsocusrsm

152 936 263 1023 Livia,
281 961 351 1006 non
368 931 445 1006 illos
462 960 524 1033 pro
542 935 654 1011 Druso
672 932 765 1006 bivia
779 932 904 1006 movit:

205 1051 276 1121 Nos
295 1046 417 1119 erimus
433 1071 554 1138 magno
571 1046 712 1120 maxima
728 1073 806 1119 cura
819 1047 926 1121 tovi?
937 1080 957 1112 u

156 1164 251 1241 Dixit
266 1193 274 1236 :
289 1180 323 1236 et
334 1163 437 1235 iratus
453 1178 531 1234 vota
548 1161 738 1261 insuscepta
749 1159 906 1263 reliquit;

204 1277 409 1376 Duravitque
425 1275 587 1361 animum,
607 1275 823 1376 destituitque
840 1302 966 1377 preces.

158 1393 267 1468 Obvia
284 1391 381 1467 turba
398 1390 481 1477 rnit;
501 1387 709 1490 lacrimisque
726 1392 913 1487 rigantibus
931 1421 990 1466 ora

206 1504 363 1581 Consulis
381 1504 487 1605 erepti
502 1502 639 1604 publica
657 1504 775 1579 damna
791 1506 900 1581 refert.
1178 1546 1223 1581 nou

157 1622 325 1697 Omnibus
341 1619 430 1693 idem
446 1616 552 1706 oculi;
570 1647 632 1719 par
647 1637 698 1694 est
714 1623 891 1696 concordia
906 1622 1020 1697 flendi.

204 1732 343 1809 Funeris
360 1731 525 1832 exsequiis
542 1732 700 1807 adsumus
713 1736 821 1810 omnis
839 1741 962 1838 Eques.

158 1853 278 1929 Omnis
297 1849 390 1924 adest
404 1865 481 1923 uetus
495 1877 503 1922 :
519 1866 660 1923 moerent
673 1851 875 1954 juvenesque
892 1880 1077 1953 senesque,

205 1967 363 2045 Ausoniae
377 1983 514 2054 matres,
532 1967 755 2068 Ausoniaeque
771 1996 886 2043 nurus.

157 2083 377 2182 Auctorisque
395 2081 447 2155 sui
465 2080 638 2182 prefertur
653 2084 794 2179 imagine
811 2102 943 2172 musta,
1175 2112 1222 2162 ηοξ.

204 2199 289 2297 Quae
304 2196 422 2271 victrix
439 2194 571 2297 templis
587 2197 698 2271 debita
714 2197 827 2272 laurus
844 2215 925 2272 erat.

157 2317 269 2390 Certat
286 2341 373 2390 onus
387 2312 464 2386 lecti
480 2341 639 2407 generosa
653 2313 765 2386 subire
775 2313 952 2410 juventus,
1044 2302 1046 2307 Α

202 2432 248 2502 Et
264 2426 375 2500 studet
388 2425 498 2499 officio
514 2425 629 2500 sedula
644 2425 729 2501 colla
745 2428 830 2502 dare.

156 2547 201 2618 Et
218 2569 296 2617 voce
311 2558 344 2614 et
360 2539 501 2614 lacrimis
517 2539 678 2628 laudasti,
699 2544 823 2629 Cacsar,
842 2540 1017 2616 alumnum
1031 2575 1039 2631 ;

196 2659 327 2733 -Tristia
345 2686 447 2757 quum
464 2656 592 2730 medius
607 2676 775 2758 rumperet
793 2686 866 2731 orsa
885 2656 994 2732 dolor.
1174 2699 1216 2733 m

156 2778 209 2848 Tu
227 2773 329 2848 letum
348 2772 484 2873 optasti,
502 2772 565 2844 Dis
582 2773 809 2848 aversantibus
827 2801 942 2864 omen,

202 2891 267 2963 Par
283 2888 361 2975 tibi;
377 2889 405 2961 si
423 2888 568 2962 sinerent
584 2906 616 2961 te
634 2907 690 2962 tua
703 2889 768 2962 lata
784 2890 881 2962 mori.

155 3005 220 3078 Sed
239 3004 301 3077 tibi
317 3003 458 3077 debetur
473 3000 609 3076 caelum:
628 3020 676 3090 te,
695 3002 832 3076 fulmine
850 3002 1002 3103 pollens,

203 3117 354 3217 Accipiet
371 3115 483 3215 cupidi
501 3115 590 3209 regia
605 3143 723 3210 magna
740 3119 761 3187 J
765 3116 845 3189 o'vis.

157 3230 261 3329 Quod
274 3230 388 3331 petiit,
408 3228 486 3302 tulit
502 3227 574 3317 ille;
593 3231 656 3304 tibi
671 3249 710 3305 ut
725 3259 784 3306 sua
799 3231 883 3306 facta
899 3232 1087 3334 placerent:
1163 3256 1210 3307 sis

155 3387 219 3442 Non
232 3384 315 3454 ignari
327 3384 493 3453 quantumin
506 3383 572 3453 ipsos
588 3384 662 3438 invi·
709 3405 773 3439 vum
792 3395 928 3455 tantopere
952 3387 1038 3442 dilexit
1059 3386 1209 3458 Augustus,

155 3464 205 3518 die
226 3473 280 3516 nm
298 3461 388 3515 acerba
406 3460 486 3513 Drusi
508 3480 580 3515 mors
595 3462 663 3533 apud
711 3476 741 3518 ut
759 3463 915 3518 coheredem
937 3486 1044 3537 semper
1061 3465 1119 3520 filiis
1137 3467 1209 3520 insti·

157 3545 292 3598 Romanos
304 3538 396 3592 debeat
406 3538 521 3605 incitare.
711 3541 806 3608 tuerit,
828 3541 894 3595 sicut
917 3543 1058 3611 quondam
1078 3544 1106 3596 in
1124 3553 1210 3597 senatu

188 3640 246 3675 aoo.
266 3620 382 3672 consulte
390 3611 577 3684 ereplipuble'ca
585 3620 663 3670 dam·
710 3621 838 3689 professus
848 3630 903 3683 est,
917 3630 944 3673 et
958 3621 1116 3675 defunctum
1124 3621 1157 3674 ita
1168 3638 1210 3691 pro

158 3720 194 3753 na
209 3697 292 3766 refert.
316 3695 464 3749 Enumerat
483 3694 662 3769 illacrymans,
710 3697 834 3749 concione
854 3696 993 3767 laudavit,
1017 3711 1049 3753 ut
1072 3700 1144 3754 Deos
1158 3717 1211 3770 pcc·

157 3787 222 3848 quot
244 3767 391 3845 quantaque
413 3772 571 3842 Reipublicae
593 3773 664 3826 bona
710 3784 780 3826 catus
794 3774 843 3841 sit,
872 3775 971 3829 similes
984 3778 1008 3831 ei
1025 3798 1090 3833 suos
1108 3778 1211 3833 cenes

159 3857 292 3914 Consulis,
310 3851 336 3904 id
353 3860 391 3904 est
408 3849 507 3918 Drusi,
526 3850 607 3903 letum
621 3850 664 3902 in·
710 3853 847 3920 lacerent,
874 3853 977 3923 sibique
998 3866 1057 3909 tam
1082 3857 1212 3911 bouestum

156 3932 258 3986 uiderit.
270 3931 326 3986 Nec
337 3928 392 3982 siue
407 3939 495 3981 mente
508 3930 664 3995 Rct'pubd'cae
711 3929 867 4000 quandoque
883 3930 983 3984 exitum
1003 3931 1121 4002 darent,
1144 3952 1212 4004 quatu

158 4009 221 4063 dixit
236 4024 244 4057 ε
259 4006 359 4079 prolata
371 4005 443 4057 enim
458 4014 512 4070 est,
530 4023 543 4055 a
557 4003 663 4057 Tiberio
710 4005 757 4075 ipsi
767 4007 903 4062 dedissent.
913 4031 926 4055 »
940 4008 1212 4066 Suessetanum.

157 4087 254 4154 fratre,
273 4083 353 4138 Drusi
361 4082 458 4153 Epist,
477 4101 662 4151 «quasecum,
711 4083 802 4152 Neque
821 4096 962 4140 contentus
988 4089 1094 4155 (addit
1116 4091 1213 4161 scriptor

155 4158 663 4234 inquitSueton.liber.5o,decogendo
710 4160 797 4229 idem,
814 4163 871 4216 loco
886 4165 941 4231 cit.)
962 4165 1086 4239 elogium
1098 4173 1154 4240 ejus
1172 4181 1212 4222 tu·

159 4245 197 4293 ad
207 4243 385 4294 restituendam
396 4243 534 4291 libertatem
545 4241 663 4306 Ategusto
706 4239 799 4304 mulo,
813 4241 927 4295 vcrsdtus
941 4262 956 4295 a
968 4263 995 4297 se
1004 4249 1158 4318 compositis
1167 4247 1213 4299 ius·

60 4344 63 4351 ·
160 4319 258 4387 egebat.
271 4341 284 4365 υ
301 4317 375 4386 Quid
384 4317 482 4370 mirum
493 4334 580 4382 nunc,
593 4313 662 4384 quod
709 4316 851 4386 culpsisse,
879 4320 961 4373 etium
984 4324 1048 4378 vite
1069 4320 1212 4381 memoriam

158 4395 259 4447 incerto
270 4395 361 4448 mortis
374 4412 487 4464 genere,
507 4394 611 4464 triginta
623 4394 666 4469 viuv
710 4414 784 4466 prosa
796 4398 913 4452 oratione
925 4404 1089 4472 oempoeuit
1102 4427 1114 4451 ι

160 4490 243 4526 annos
258 4484 351 4539 natus,
370 4473 460 4527 evivis
474 4472 620 4527 excesserit!
703 4467 708 4474 ’
743 4477 798 4527 215.
818 4477 992 4544 Quodpetei't,
1008 4486 1076 4536 leli!
1087 4485 1132 4536 dle.
1146 4475 1213 4531 Nibil

152 4571 155 4578 ·
190 4551 661 4623 209.Btvoceettae›sm·setc.«vi-
703 4547 779 4607 ‘aliud
794 4552 841 4607 sibi
858 4552 963 4611 Drusus
985 4557 1016 4612 in
1036 4558 1134 4632 agendo
1154 4574 1212 4626 pro·
