2754 5160
297 1100 309 1115 .
397 1032 956 1183 ertsrotsxvr.

522 1306 526 1313 .
569 1285 808 1312 *—

442 1636 621 1725 rrsrs
650 1590 940 1722 'uasere

163 1868 295 1970 Htttc
312 1895 374 1969 tibi
391 1896 572 1970 Priamides
583 1896 700 1982 mit-to,
717 1894 850 1982 Ledaea,
868 1892 1026 1982 salutem,

208 2009 292 2105 Qus
309 2010 411 2083 tribui
429 2009 500 2084 sola
517 2026 549 2085 te
565 2010 649 2083 mihi
666 2008 764 2082 dante
781 2025 903 2109 potest.

160 2122 332 2223 Eloquar?
346 2153 388 2198 an
405 2123 540 2198 flamme
556 2151 626 2197 non
643 2140 694 2198 est
706 2150 793 2224 opus
806 2122 915 2196 indice
931 2139 1036 2210 notae3

209 2237 254 2309 Et
268 2236 362 2337 plus,
381 2265 480 2338 quam
494 2236 626 2327 vellem,
643 2238 710 2336 jam
727 2264 820 2311 meus
836 2253 945 2310 exstat
961 2238 1075 2310 amor?

160 2349 220 2425 Ille
238 2352 371 2452 quidem
385 2352 496 2426 malim
510 2352 628 2440 -lateat3
646 2353 725 2426 dum
743 2368 891 2452 tempora
908 2351 1028 2424 dentur
1203 2374 1220 2424 5

210 2467 345 2541 Latitiae
361 2469 482 2540 mixtos
498 2494 568 2540 non
583 2467 740 2540 habitura
754 2483 872 2540 metus.

160 2579 229 2653 Sed
246 2579 328 2654 male
345 2580 540 2654 dissimulo:
556 2582 630 2681 quis
647 2582 734 2655 enim
752 2580 904 2655 celaverit
919 2581 1045 2676 ignem,
1125 2626 1127 2633 ,

210 2693 350 2768 Lumine
368 2694 427 2794 qui
443 2721 571 2794 semper
580 2695 740 2794 ,proditur
755 2697 826 2796 ipse
845 2698 933 2770 suo?

159 2811 198 2883 Si
217 2828 324 2884 tamen
341 2827 510 2911 exspectas
524 2837 638 2884 vocem
654 2838 788 2911 quoquc
802 2810 905 2885 rebus
922 2828 963 2884 ut
979 2810 1115 2900 addam,

210 2929 321 3001 Uror:
335 2927 437 3000 habes
455 2926 556 3000 animi
571 2927 688 3000 nuntia
703 2928 803 3000 verba
819 2928 894 3001 mei.
1191 2966 1219 3001 ro

158 3042 274 3128 Parce,
293 3069 425 3143 precor,
444 3041 532 3116 fasso
548 3070 556 3113 :
573 3069 635 3115 nec
648 3038 741 3114 vultu
758 3057 864 3114 cetera
882 3038 965 3114 duro

206 3155 359 3252 Perlege,
376 3155 436 3230 sed
451 3155 566 3230 sonna
582 3157 798 3230 conveniente
814 3173 887 3229 tuae.

159 3271 359 3350 Jamdudum
373 3288 504 3367 gratum
520 3288 586 3361 est,
606 3271 696 3372 quod
714 3270 853 3373 epistola
868 3290 982 3346 nostra
995 3289 1126 3374 recepta

193 3510 214 3543 ι.
230 3486 316 3542 Hanc?
326 3489 408 3542 Forte
420 3488 530 3554 rectius,
542 3491 592 3542 hac
603 3493 663 3542 oti.-
747 3508 784 3541 ια.
796 3492 907 3557 Perlege.
919 3493 1040 3559 Respice,
1051 3488 1218 3544 Lovanlensis

156 3566 252 3621 seilicet
263 3566 376 3637 Epistola
389 3569 430 3632 (ut
443 3565 524 3634 Epist.
537 3581 598 3632 xlx,
610 3586 662 3618 vr»
712 3584 780 3619 unus
790 3586 796 3619 ε
807 3586 862 3619 non
874 3569 950 3621 male.

156 3648 307 3697 bernium
316 3644 434 3708 salutm)
447 3644 525 3695 mitto
537 3643 582 3695 ribi
593 3643 663 3697 salu-
745 3644 782 3697 13.
794 3647 908 3711 Recepta
914 3649 959 3697 est.
967 3643 1059 3696 Douza
1065 3651 1140 3695 notat
1146 3639 1214 3711 apud

159 3732 237 3774 tem:
252 3719 297 3774 sed
314 3721 414 3790 vulgata
432 3719 539 3774 delendi
558 3730 660 3789 potest,
709 3719 816 3773 idoneos
828 3720 954 3774 Oratores
970 3739 1024 3773 non
1036 3739 1090 3773 esee
1105 3718 1134 3771 in
1147 3736 1210 3783 usu,

156 3819 190 3852 ex
202 3815 237 3864 v,
250 3798 328 3852 Trina.
341 3799 385 3867 ιδ,
399 3821 420 3854 ι.
709 3803 794 3865 recepi
800 3801 942 3866 Epistolam
958 3803 1041 3859 tuam,
1054 3795 1098 3848 sed
1111 3801 1215 3861 accepi:

157 3885 269 3923 ameum
278 3894 290 3920 ⁰
298 3881 430 3922 matese
439 3884 476 3922 rtet
484 3883 539 3923 Nun
546 3883 635 3921 nteeen.
710 3877 880 3930 atNasonem
892 3874 981 3928 secisse
992 3874 1143 3929 necessitate
1155 3892 1215 3925 me-

157 3960 214 4011 Pro
227 3957 332 4017 blaa,
350 3955 459 4009 malebat
474 3956 589 4009 Hensius
604 3957 660 4006 Iae-
709 3955 743 4006 tri
757 3952 819 4007 :aed
829 3953 865 4006 its
876 3971 995 4006 excursare
1007 3957 1110 4023 poe'tas,
1123 3962 1161 4005 est
1174 3971 1212 4006 ac-

156 4039 214 4088 dart
230 4032 327 4087 Bon.
708 4050 813 4095 ρωπος
827 4049 884 4084 non
898 4030 970 4084 enim
984 4030 1063 4082 metri
1075 4029 1211 4083 necessitas

191 4134 213 4182 7.
234 4113 368 4178 Quereris»
385 4115 506 4165 celavere?
516 4116 599 4178 effrem
612 4117 660 4161 etc.
709 4111 811 4165 efficere
827 4110 922 4176 debet,
934 4118 965 4161 ut
980 4107 1067 4161 minuo
1081 4107 1214 4177 eleganter

156 4190 308 4244 structore
324 4201 413 4243 noster
426 4191 550 4242 Rectene
709 4200 736 4242 et
748 4190 826 4241 latine
841 4193 917 4257 poeta
930 4185 1053 4256 loquatur
1065 4205 1072 4239 :
1083 4204 1163 4254 quare
1174 4205 1217 4256 po·

154 4282 185 4320 se
200 4279 228 4318 tes
242 4280 296 4336 jeu
310 4261 452 4320 mar'counm
464 4281 508 4317 oran
523 4276 610 4316 tetam
623 4288 661 4326 qu·
708 4269 758 4320 tius
775 4277 907 4320 auctorem
918 4265 997 4334 hujus
1013 4262 1135 4334 Epistola
1147 4262 1213 4331 (du-

204 4364 280 4391 m.
708 4344 883 4399 bitaturenim
893 4362 926 4396 arr
936 4341 1113 4409 ovidianis),
1124 4342 1211 4397 lusisse
1292 4379 1295 4386 ·

186 4445 210 4498 9.
226 4426 258 4476 Si
272 4431 357 4478 lamere
373 4431 501 4492 expectas,
517 4426 658 4494 Expectes,
709 4423 824 4494 puto‚in
834 4422 953 4492 ambigua
962 4421 1213 4493 significationever·

153 4502 171 4555 J
174 4503 285 4556 unianus
296 4515 324 4556 et
335 4514 448 4572 quatuor
460 4502 507 4554 atii.
520 4504 572 4555 Sed
578 4509 660 4555 lamere
707 4502 735 4554 hi
745 4504 867 4568 recipere:
877 4519 929 4569 quo
941 4511 1029 4554 noster
1040 4499 1212 4564 uotrrjettam

152 4586 276 4647 expectas
287 4580 360 4633 Leirl.
371 4591 398 4632 et
409 4580 461 4632 duo
472 4589 596 4648 preterea
610 4579 660 4633 atii.
708 4580 778 4633 Naso
787 4578 819 4632 de
829 4580 1006 4633 amantibuset
1017 4579 1107 4649 puellis
1116 4576 1212 4632 ltt‘tnro
