2790 4696
212 970 538 1058 EPISTOLAE
574 967 1156 1056 DECIMAE-SEPTIMAE

483 1212 880 1281 ARGUMENTUM.

215 1449 250 1510 St
266 1469 328 1510 nou
342 1448 460 1530 accipiet
473 1449 629 1531 seriptum,
644 1448 830 1529 illectumque
843 1448 985 1525 remittet,

253 1554 405 1615 Lecturam
416 1575 516 1634 spera,
531 1555 769 1634 propositumque
780 1565 856 1614 tene.

212 1657 347 1742 Legerit,
360 1671 390 1720 et
408 1658 483 1719 nolit
499 1657 696 1719 rescribere...
713 1657 827 1741 Cogere
843 1656 924 1718 noli:

256 1765 306 1824 To
323 1764 411 1825 modo
429 1764 575 1825 blanditias
590 1763 633 1824 iac
646 1763 722 1848 legat
736 1765 795 1844 ipsa
808 1773 882 1823 ruas.

215 1867 292 1944 Quae
307 1869 399 1931 voluit
417 1868 539 1954 legisse,
557 1867 636 1930 volet
651 1866 803 1928 rescribere
816 1866 916 1928 lectis:

258 1974 314 2035 Per
327 1995 463 2035 numeros
476 1974 596 2036 veniunt
609 1973 661 2035 isto
680 1972 840 2056 gradusque
857 1992 937 2033 suos.

218 2079 350 2141 Forsitan
364 2091 393 2140 et
406 2080 499 2161 primo
513 2079 608 2140 veniet
621 2077 674 2138 tibi
688 2077 768 2139 litera
780 2077 883 2155 tristis,

259 2184 393 2265 Quaeque
404 2196 502 2269 roget,
515 2205 593 2245 nese
608 2183 757 2245 sollicitare
771 2184 884 2246 velis...

218 2289 310 2366 Quod
327 2301 410 2372 rogat
422 2289 487 2366 illo,
502 2291 582 2350 timet
595 2313 603 2349 ε
616 2289 695 2370 quod
706 2310 767 2350 non
779 2302 881 2372 rogat,
901 2299 980 2371 optat
996 2299 1029 2349 ut
1037 2288 1137 2351 instes.

261 2396 433 2476 Insequere3
452 2407 482 2456 et
490 2396 552 2460 voti
562 2408 629 2477 post
640 2394 728 2456 modo
739 2416 857 2476 compos
870 2395 935 2455 eris.

688 2496 764 2564 (Art.
776 2497 903 2564 Ami-1,
923 2496 1076 2569 &ww-i

194 2657 307 2713 Summa
317 2660 373 2713 bec
385 2669 423 2714 est
434 2659 512 2712 totius
526 2659 648 2730 Epistola
660 2660 756 2728 buius,
772 2659 800 2712 in
812 2678 878 2729 qua,
891 2658 1016 2728 quidquid
1026 2660 1124 2714 artisin
1135 2661 1220 2715 auium

162 2749 284 2802 muliebri
300 2750 384 2816 inest,
403 2759 434 2802 ut
448 2750 559 2802 amantis
576 2749 705 2819 impetum
728 2749 809 2802 modo
828 2749 991 2819 supprimat,
1013 2750 1105 2803 incitet
1124 2750 1218 2818 modo,

163 2857 237 2908 spem
250 2848 404 2908 metumque
417 2838 514 2892 vicibus
523 2837 628 2892 alternis
635 2839 670 2892 ita
679 2849 824 2910 temperet,
836 2850 866 2892 ut
877 2841 1037 2910 propositum
1050 2841 1134 2895 finem
1144 2843 1220 2895 miser

163 2947 301 2997 uunquam
315 2938 404 2998 tangat
422 2929 547 2998 propior,
563 2948 642 2998 quam
662 2949 744 2999 quum
762 2930 864 3000 longius
881 2931 1015 3001 repulsum
1032 2952 1059 2985 se
1078 2933 1219 2997 existimas,

164 3019 317 3073 mirabiliter
323 3018 389 3073 adeo
395 3018 582 3089 depromptum
589 3030 645 3089 est,
657 3031 688 3074 ut
697 3020 823 3075 Ovidium
833 3020 1099 3077 Heroidumomnino
1110 3022 1220 3091 ouban,

165 3126 246 3179 quam
256 3127 313 3166 non
324 3109 393 3165 banc
403 3108 548 3179 Epistolam
554 3151 563 3181 ,
574 3110 701 3181 scripsisse
717 3111 802 3181 potius
812 3110 975 3168 crediderim.
