2790 4696
236 1157 559 1242 EPISTOLAE
593 1156 994 1296 DUODECIMAE

427 1371 820 1442 ARGUMENTUM.

129 1583 237 1655 Jnsnn,
261 1602 352 1661 quum
370 1582 494 1664 primum
514 1581 648 1645 Colchon
660 1584 773 1670 attigit,
795 1606 811 1645 a
831 1584 951 1658 Medea,
968 1582 1060 1645 AEetae
1077 1584 1153 1667 regis

88 1686 160 1763 filia,
176 1699 305 1769 receptus
321 1700 364 1748 est
386 1700 416 1748 et
433 1701 555 1761 amatum
576 1702 713 1771 pactaque
731 1689 858 1773 conjugii
875 1689 1047 1771 sponsione,
1072 1687 1153 1750 illum

87 1793 220 1869 edocuit,
237 1814 293 1872 qua
302 1805 362 1853 arte
371 1794 473 1874 jussam
489 1795 611 1855 auferret
622 1793 754 1876 predum.
775 1793 874 1855 Aureo
885 1794 972 1877 igitur
985 1792 1091 1854 vellere
1101 1813 1154 1874 po·

88 1898 177 1973 titus,
194 1895 263 1957 clnm
276 1898 366 1958 Jason
384 1919 448 1957 enm
463 1896 565 1958 Medea
574 1896 668 1980 lugam
677 1898 804 1981 arripuit.
824 1899 908 1974 Quos
920 1920 1008 1979 quum
1020 1899 1154 1978 inseque-

88 2013 168 2061 retur
194 2004 295 2077 AE'e‘tu‚
323 2000 440 2083 Absyrti
466 2000 585 2081 fratris..
598 2025 684 2083 quem
710 2026 807 2065 secum
833 2002 1003 2080 abduxerat,
1028 2002 1153 2064 memlm

89 2106 221 2186 dispersit
244 2106 363 2182 Medea,
386 2118 419 2166 ut
437 2120 564 2188 patrem,
582 2128 646 2169 ossa
665 2106 719 2168 lilii
738 2108 900 2193 legentem,
926 2108 966 2169 sic
983 2118 1154 2169 moreretur.

91 2209 253 2271 Incolumes
263 2211 352 2293 igitur
366 2213 396 2270 in
408 2210 579 2273 Thessaliam
593 2226 802 2294 pervenerunt,
812 2210 863 2273 uhi
873 2212 1025 2286 AEsnnem‚
1037 2212 1154 2273 tasonis

89 2324 221 2394 patrem,
244 2314 324 2374 annis
339 2315 395 2397 jam
421 2316 601 2392 conlectum,
626 2316 661 2377 ad
687 2317 805 2379 viridem
823 2329 936 2378 aetutem
952 2315 1076 2377 reduxit.
1096 2312 1153 2376 Sed

88 2419 201 2493 lason,
229 2417 347 2479 Creusae
369 2440 465 2481 amore
493 2421 758 2502 eaptus‚ll1edeum
787 2418 958 2501 repudiavit,
983 2431 1016 2479 nt
1036 2410 1154 2480 uxorer'r

90 2521 207 2583 duceret
219 2523 353 2586 Creontis
363 2525 457 2586 filiam.
472 2527 518 2584 lra
530 2525 619 2608 igitur
635 2537 666 2586 et
677 2526 773 2586 furore
786 2544 898 2598 amens,
912 2521 1068 2603 Epistulam
1084 2521 1157 2583 haue

91 2626 126 2686 ad
149 2648 215 2687 eum
237 2628 351 2707 scribit,
373 2652 429 2709 qua
447 2631 588 2713 ingratum
610 2630 672 2710 ejus
693 2629 818 2691 animum
834 2626 954 2708 graviter
972 2627 1101 2702 incusat,
1129 2639 1157 2689 et

89 2730 251 2807 ultionem,
271 2735 300 2792 ni
317 2735 449 2815 protinus
466 2732 600 2814 recipiat,
622 2732 826 2794 interminatur.

132 2834 269 2917 Apollod.
284 2854 315 2912 t,
331 2858 360 2921 9.
371 2835 526 2921 -llygim
537 2835 605 2897 rab.
618 2857 674 2909 21,
688 2856 745 2910 22,
761 2832 808 2895 23.
819 2831 999 2913 -Euripid
1011 2844 1040 2892 et
1050 2834 1154 2896 Senes.

89 2941 120 3000 in
135 2940 213 3001 Med.
230 2940 353 3002 Diodor.
372 2942 460 3003 Sicul.
478 2959 523 3005 ιν.
543 2976 584 2990 -
601 2940 661 3002 AEl.
675 2941 710 2999 V.
726 2940 767 3000 H.
789 2956 826 3015 u,
844 2960 891 2999 21.
907 2971 948 2985 -
963 2937 1102 3019 Apellen.
1125 2951 1154 2999 et

91 3045 183 3107 vater.
205 3046 295 3107 Flace.
317 3045 477 3132 Argonaut.
