2790 4696
482 328 683 398 OENONE
711 329 908 400 PARIDl.
1164 339 1224 402 105

161 471 254 544 llum
269 494 400 555 moror,
417 466 454 539 in
472 494 601 543 summa
611 468 706 544 fulsit
721 472 804 544 mihi
819 499 970 572 purpura
985 499 1094 573 prora.
1191 496 1225 547 65

210 584 374 659 Pertimui
388 614 396 657 z
410 581 519 656 cultus
534 614 602 656 non
620 604 691 661 erat
707 585 763 660 ille
781 605 869 660 tuus.

163 700 220 774 Fit
232 701 387 802 propior,
405 717 572 800 terrasque
590 702 654 774 cita
671 703 752 776 ratis
769 703 881 797 attigit
895 730 998 778 aura:

210 818 382 893 Femineas
399 818 479 905 ridi,
498 816 596 891 corde
614 836 792 905 tremente,
811 845 920 913 genas.

164 935 244 1007 Non
261 934 341 1007 satis
357 933 391 1005 id
402 932 526 1007 luerat:
541 932 624 1032 quid
639 933 727 1006 enim
743 932 870 1006 furiosa
881 932 1058 1008 morabar?

214 1047 370 1121 Haerebat
386 1047 511 1142 gremio
530 1047 638 1147 turpis
654 1048 757 1121 amica
774 1064 843 1121 tuo.
1015 1050 1020 1062 '

164 1164 260 1235 Tune
277 1190 354 1235 vero
366 1160 508 1261 rupique
524 1161 634 1248 sinus,
652 1178 686 1234 et
702 1181 836 1263 pectora
852 1162 982 1263 planxi,

211 1281 256 1352 Et
273 1277 363 1352 secui
379 1276 528 1351 madidas
543 1304 654 1371 ungue
669 1276 797 1372 rigente
812 1306 931 1373 genas:

164 1391 370 1494 Implevique
384 1419 508 1466 sacram
524 1391 671 1492 querulis
687 1391 870 1466 ululatibus
883 1392 984 1466 Idam.

209 1509 306 1583 Illinc
324 1509 387 1582 has
403 1506 554 1582 lacrimas
572 1509 607 1581 in
622 1536 694 1582 mea
710 1537 786 1583 saxa
803 1509 875 1582 tuli.

162 1626 219 1701 Sic
237 1624 364 1701 Helene
383 1623 509 1712 doleat,
528 1624 721 1724 desertaque
735 1625 875 1722 conjuge
892 1622 1016 1722 ploret3
1196 1646 1227 1711 75

212 1740 365 1841 Quaque
380 1739 478 1839 prior
490 1738 592 1812 nobis
608 1737 739 1824 intulit,
755 1738 828 1838 ipsa
842 1737 935 1810 serat.

162 1855 259 1928 Nunc
273 1854 337 1928 tibi
354 1853 576 1941 conveniunt,
596 1881 669 1953 quae
688 1870 720 1925 te
734 1880 793 1953 per
807 1868 920 1951 aperta
936 1866 1117 1950 sequantur

197 2052 240 2106 fite
253 2054 340 2107 Cultus
348 2074 398 2107 m
411 2057 520 2107 emtr'lle
529 2060 594 2107 leus.
608 2054 673 2106 Pur·
722 2054 809 2121 (liceo,
822 2062 850 2106 et
861 2072 915 2106 uno
928 2052 1032 2106 Heinsii
1043 2051 1132 2106 codice
1141 2061 1230 2105 exstat.

163 2148 250 2199 putea
258 2131 350 2197 vatia,
362 2150 439 2200 quarn
448 2151 505 2185 non
515 2131 613 2185 solebat
622 2151 675 2200 gea·
756 2152 794 2198 72.
807 2133 970 2197 Secur'urgue
977 2135 1072 2197 nitente
1078 2148 1165 2195 genas.
1175 2131 1229 2182 Co-

163 2217 224 2260 tare
242 2207 335 2275 Paris,
352 2219 379 2261 et
395 2229 451 2278 quae
466 2210 594 2263 seminam
607 2227 674 2276 pro·
722 2228 791 2270 mas,
804 2208 879 2261 Junii
890 2219 916 2261 et
927 2207 1048 2261 Scriverii
1058 2206 1158 2260 codices
1168 2225 1174 2259 :
1183 2207 1229 2260 sed

117 2318 121 2335 .
163 2281 252 2338 deret.
721 2287 906 2354 meritogenes
914 2285 1085 2339 Burmannus
1096 2285 1230 2349 restituit3

198 2361 241 2434 (59
258 2362 317 2415 Non
327 2363 526 2432 setisidseerat.
535 2363 674 2416 Feminam
722 2364 800 2433 quia,
821 2365 925 2433 inquit,
944 2364 1031 2417 verim
1051 2372 1160 2433 possunt
1178 2361 1229 2417 dici

162 2436 263 2492 seilicet
274 2437 430 2509 ὡραίου
442 2440 490 2494 seu
499 2450 526 2493 et
532 2440 615 2509 ipsam
624 2440 675 2493 lrae·
722 2441 833 2494 lacrimis
847 2440 968 2507 madere,
988 2459 1068 2510 quam
1080 2460 1169 2495 come.

163 2525 271 2571 mntem
283 2510 393 2586 turpiter
402 2518 432 2571 in
444 2518 546 2588 gremio
556 2517 674 2581 Paridis3
757 2520 794 2589 73.
808 2522 923 2586 (lectulis
930 2522 1067 2572 ululatibus
1075 2521 1155 2571 Idam.
1166 2520 1231 2571 Iden

163 2592 236 2661 quod
251 2612 308 2647 non
321 2594 434 2649 dubium
449 2594 559 2664 prodite
578 2606 604 2647 et
622 2594 675 2648 de·
723 2595 1057 2666 meliorea,quornodoaaepe
1063 2596 1121 2650 alibi
1127 2597 1231 2650 Noster.

160 2680 236 2724 uerte
244 2671 336 2726 muca
345 2672 442 2742 prioris
450 2673 562 2742 signum.
571 2700 604 2712 —
617 2675 676 2724 Tur·
757 2677 794 2745 74.
803 2677 835 2728 Iu
842 2695 979 2728 measaxa.
988 2675 1021 2727 ln
1032 2693 1099 2739 saxa,
1111 2692 1168 2743 quae
1177 2675 1230 2727 mei

157 2752 301 2815 phenice.
313 2749 445 2803 Refertur
454 2748 488 2802 ad
496 2770 519 2802 v.
531 2752 563 2817 44
571 2770 577 2802 :
582 2752 676 2816 puden·
723 2751 751 2805 in
762 2763 787 2806 te
798 2754 893 2807 amoris
904 2752 1006 2807 conscia
1017 2754 1134 2820 lucrant,
1144 2763 1171 2806 et
1180 2771 1232 2805 no-

162 2828 209 2878 dus
224 2846 301 2881 mr.
316 2854 351 2867 -
362 2829 495 2881 Morabar.
511 2828 608 2882 Sensus
619 2839 674 2889 est,
724 2841 762 2883 tas
772 2832 865 2900 passim
875 2830 960 2884 adhuc
969 2830 1113 2884 servabant

161 2920 217 2957 non
232 2905 294 2959 sat'u
312 2907 403 2959 luerat
420 2904 473 2959 hoe
485 2905 593 2970 vidium
613 2905 676 2975 quid
757 2912 794 2978 75.
808 2911 851 2963 Sic
862 2911 962 2961 Helene
972 2911 1065 2961 doleat.
1078 2907 1170 2975 Quam
1181 2927 1232 2960 ex-

162 2982 389 3053 enimeaaetquod
398 2984 676 3038 memorareturiFu·
725 2985 824 3055 peritur
840 2985 1038 3053 infelicitatem,
1058 2986 1086 3038 in
1100 2984 1233 3038 Helenam

163 3078 209 3113 rur
218 3071 291 3115 uerte
305 3062 377 3131 egit,
391 3071 423 3114 ut
440 3060 547 3131 propina
561 3080 677 3131 cognos-
725 3063 890 3134 imprecatur.
900 3091 935 3102 -
948 3067 1032 3116 Ferat.
1050 3063 1170 3116 Vicissim
1182 3079 1234 3127 pa-

162 3156 267 3202 cerem;
279 3157 337 3192 non
349 3138 499 3193 sufficiebat
510 3139 572 3192 mihi
584 3139 615 3192 ad
629 3141 679 3193 do-
727 3140 824 3207 tiatnr,
844 3160 902 3209 quae
917 3139 1040 3210 patienda
1056 3139 1122 3191 milri
1139 3136 1235 3187 intulit.

162 3214 253 3267 locem
263 3215 444 3283 movendum,
464 3216 573 3270 seminas
584 3229 678 3287 praeter
726 3244 760 3258 -
769 3220 936 3286 Besedaque.
945 3218 1037 3269 Posset
1045 3214 1094 3282 legi
1107 3230 1163 3264 non
1176 3211 1236 3263 ine-

162 3310 243 3361 spem
253 3291 346 3359 procul
356 3292 385 3345 in
398 3311 465 3345 nave
477 3293 584 3358 vidium
599 3314 679 3363 quare
726 3294 857 3363 legenter,
875 3295 1039 3360 dejectaque;
1053 3301 1084 3342 ut
1095 3290 1144 3357 Ep.
1161 3303 1235 3354 xvir,

165 3367 235 3422 nihil
243 3377 302 3421 erut
309 3366 381 3437 quod
388 3369 589 3424 meiusurorem
596 3382 679 3425 actam
727 3373 791 3432 2303
804 3370 849 3423 sed
865 3380 891 3422 et
904 3368 1006 3437 vulgata
1021 3377 1091 3418 recte
1105 3386 1132 3418 ac
1150 3363 1235 3416 habet

163 3446 316 3512 retineret,
335 3446 401 3515 quin
413 3446 517 3516 propius
525 3448 679 3519 inspicerem
762 3467 800 3515 77.
813 3449 886 3498 Il'uuc
894 3449 945 3497 te'br'
950 3448 1111 3504 converiunt,
1123 3461 1179 3509 qua·
1188 3452 1235 3496 etc.

141 3586 147 3597 ‚
165 3542 282 3578 omnem
299 3533 380 3576 tuum
398 3523 567 3593 comitatum,
587 3527 680 3594 inquo
729 3522 855 3587 Invidiae,
874 3532 901 3574 et
921 3519 1029 3588 quidem
1052 3518 1235 3585 amarissime,

164 3600 454 3672 vidimoxgremiotuo
461 3610 562 3672 turpem
571 3603 681 3655 amicam
729 3601 806 3670 plena
817 3608 880 3651 sunt
895 3596 1048 3650 hoecrerba,
1063 3622 1096 3635 -
1114 3598 1183 3662 Qua.
1197 3596 1238 3649 la-

163 3681 278 3736 lroerere.
291 3678 681 3750 Sirnililormula,Ep.x11,117:
730 3679 780 3732 tius
792 3674 864 3727 modi
880 3673 1015 3737 mulieres,
1027 3691 1085 3740 quae
1093 3680 1237 3740 peraperta

163 3769 681 3822 Namnet-naquuninpomitmmma
731 3772 843 3824 equora,
860 3767 1052 3819 quemeumque
1076 3750 1129 3805 lore
1148 3750 1236 3805 tulerit

164 3846 202 3901 Ε,
214 3844 264 3917 ΕΡ,
277 3861 341 3912 m,
354 3865 403 3899 ,ῃ
416 3861 424 3896 :
730 3850 831 3895 casum,
844 3827 950 3881 obvium
962 3826 1105 3895 quemlibet
1116 3848 1237 3899 sequnn-

261 3924 317 3975 Quid
325 3925 381 3963 nin
391 3931 461 3961 enm
470 3922 535 3958 onnia
543 3919 635 3959 mmm?
645 3921 668 3959 Β.
730 3923 784 3972 tur;
792 3907 1038 3968 etillosdestr'tuuut,
1052 3907 1097 3975 qui
1103 3907 1151 3960 sibi
1158 3926 1237 3961 cesse·

197 4018 236 4067 7¹·
256 3999 328 4052 Tenc
337 4016 409 4051 vero.
422 3992 526 4064 Micylli
536 3996 684 4047 etVenetae
730 3984 1034 4052 runtlegr'tr'err12-Nuuc
1041 3990 1238 4038 tecumaemient.

165 4073 305 4145 editiones,
316 4075 468 4143 tuufieri,
479 4071 550 4138 quod
556 4081 583 4124 et
590 4072 618 4124 in
625 4071 683 4123 Me·
732 4069 806 4121 ltieuc
813 4066 863 4115 tati
868 4064 1025 4129 conveniunt,
1034 4062 1145 4117 Puteani
1154 4072 1179 4114 et
1189 4061 1205 4111 J
1209 4078 1240 4109 u-
