2754 5160
153 816 215 881 282
468 814 747 884 EPISTOLA
773 816 882 885 XVI.

200 951 300 1050 Spem
315 950 411 1039 sarit,
429 951 494 1026 hoc
509 955 611 1054 recipi
627 981 678 1027 me
695 981 828 1053 quoque
846 979 944 1053 posse
958 955 1071 1029 modo.

153 1068 237 1163 Qua
253 1083 322 1140 rata
339 1068 421 1155 sint,
435 1097 499 1143 nec
517 1087 548 1143 te
566 1070 687 1142 frustra
704 1067 908 1170 promiserit,
926 1086 1028 1168 opto,
1177 1092 1204 1145 ις

200 1183 275 1254 Hoc
291 1183 373 1255 mihi
392 1211 464 1283 qua
481 1186 585 1258 suasit
599 1202 703 1257 mater
714 1183 848 1256 Amoris
864 1182 937 1258 iter.

153 1300 302 1398 Namque
318 1327 381 1393 ego
399 1298 509 1373 divino
526 1300 673 1386 monitu,
691 1326 733 1372 ne
750 1297 860 1372 nescia
876 1326 1009 1399 pecces,

201 1413 374 1502 Advehor3
389 1433 421 1488 et
438 1434 546 1516 coepto
561 1444 629 1488 non
643 1413 712 1488 lere
726 1442 848 1488 numen
864 1415 965 1489 adest.

155 1530 291 1602 Praemia
305 1558 423 1625 magua
440 1530 586 1630 quidem,
605 1529 663 1602 sed
680 1557 750 1601 non
767 1528 932 1617 indebita,
950 1558 1077 1631 posco;

203 1641 359 1717 Pollicita
376 1662 425 1717 est
438 1644 582 1718 thalamo
600 1661 631 1718 te
646 1643 808 1743 Cytherea
821 1670 905 1716 meo.
1177 1680 1207 1716 20

157 1758 228 1831 Hac
247 1757 343 1846 duce,
363 1759 463 1854 Sigeo
482 1759 599 1833 dubias
616 1786 635 1831 a
651 1756 748 1832 litore
765 1756 827 1830 seci

204 1875 320 1968 Longa
336 1871 511 1947 Phereclea
527 1900 589 1972 per
604 1871 687 1946 [reta
703 1899 817 1972 puppe
832 1871 912 1944 vias.

157 1984 219 2060 llla
236 1986 325 2060 dedit
341 1985 452 2061 faciles
469 2000 582 2074 auras,
596 2003 778 2086 ventosque
795 1983 992 2059 secundosz·

207 2105 248 2175 ln
264 2131 352 2176 mare
369 2102 524 2175 nimirum
540 2102 594 2199 jus
610 2100 713 2175 hahet
730 2119 803 2175 orta
817 2101 910 2174 mari.

161 2218 290 2291 Perstet
305 2247 313 2290 :
328 2234 377 2306 et,
396 2235 436 2290 ut
451 2215 575 2317 pelagi,
595 2216 642 2289 sic
659 2216 803 2316 pectoris
820 2214 951 2312 adjuvet
967 2231 1098 2288 astum:
1181 2235 1214 2287 25

208 2330 342 2405 Deferat
358 2331 393 2404 in
410 2348 528 2431 portus
546 2347 579 2402 et
594 2357 666 2402 mea
680 2347 756 2401 vota
772 2357 860 2403 suos.

161 2444 344 2519 Attulimus
359 2445 520 2533 flammas,
538 2471 608 2517 non
625 2442 680 2516 hic
697 2444 897 2531 invenimus,
916 2441 1008 2518 illas:

211 2561 271 2633 Hae
287 2560 369 2632 mihi
387 2577 452 2632 tam
469 2557 577 2653 lougae
593 2584 689 2631 causa
706 2556 796 2630 suere
813 2557 881 2628 viae.

163 2676 248 2747 Nam
265 2702 371 2775 neque
390 2672 492 2746 tristis
509 2671 633 2758 hiems,
651 2698 759 2770 neque
776 2698 837 2742 uos
853 2668 921 2743 huo
938 2666 1069 2770 adpulit
1083 2695 1189 2743 error:

213 2788 358 2862 Taenaris
376 2804 427 2862 est
443 2785 538 2861 classi
556 2803 642 2863 terra
657 2783 761 2883 petita
777 2810 865 2856 mea.
1184 2800 1213 2853 to

165 3012 277 3075 receptis.
293 3007 557 3076 Burrum-Epistola
568 3014 668 3075 recepta
715 3012 818 3077 Τιύχιιν·
834 3013 906 3075 ῒξοχα
919 3008 964 3081 γάρ
980 3030 1023 3073 μιν
1034 3008 1122 3076 iqum
1133 3005 1214 3059 nullis

166 3084 306 3152 opponitur
323 3085 440 3154 protinus
457 3106 518 3139 cum
534 3095 669 3139 contemtu
781 3085 873 3146 ’Atiae

166 3161 307 3229 repudiate
327 3172 371 3215 aut
395 3164 513 3217 remissa.
537 3165 667 3230 Accepta.
717 3153 944 3234 tlrroeth'trfriodpp
958 3159 1216 3222 smirna-evindus,

167 3237 236 3305 quod
253 3239 383 3291 latinitatis
401 3240 528 3292 rationem
542 3240 670 3308 postulare
717 3232 879 3318 A'pxrrdxsnc,
893 3248 920 3296 «l
931 3243 1059 3295 :sermea
1067 3238 1173 3313 ‘rpeiam
1184 3237 1219 3302 pi·

167 3314 259 3367 Doura
271 3313 437 3380 existimavit,
450 3315 499 3368 hoc
515 3316 571 3368 loco
583 3315 669 3370 minus
784 3343 860 3383 norro,

166 3390 336 3446 commodum
348 3391 442 3445 suisset
453 3393 574 3446 Lusisse.
719 3397 776 3451 01³¹
784 3401 851 3467 αὐτῷ·
860 3399 907 3450 ἔκη’
918 3401 967 3449 ὄντι
980 3396 1163 3460 θεῶνῖκθὶσμκ
1171 3394 1220 3465 ᾔὰ·

203 3470 240 3523 rh
255 3473 350 3522 Brimo
366 3475 466 3523 monitu.
482 3472 604 3538 Venere,
616 3471 671 3525 sei-
964 3471 994 3524 ll.
1007 3482 1043 3535 E,
1054 3472 1104 3542 5¹3,
1114 3486 1168 3536 sqq-

168 3548 244 3614 licet,
257 3557 391 3601 monente.
720 3550 781 3604 Fuit
803 3562 891 3604 autern
910 3550 961 3604 hoc
984 3547 1221 3612 varietatemque

203 3646 241 3679 ar.
265 3628 372 3678 Rubrius.
394 3626 530 3693 Incertus,
552 3625 670 3696 ignotas,
721 3628 829 3696 Troiani
847 3628 909 3696 jussi
926 3636 989 3680 sunt
1003 3624 1079 3678 omni
1098 3642 1126 3677 ne
1141 3619 1220 3674 mad·

170 3701 289 3757 nondum
305 3713 457 3773 peragratas
720 3707 785 3759 tima
801 3707 937 3759 abstinere.

201 3803 240 3835 aa.
254 3783 342 3847 longa
351 3781 673 3850 Phereclcapcrsaetapup
754 3787 792 3851 24
810 3787 939 3837 lli'mr'mm.
952 3780 1051 3846 Aleten,
1061 3774 1223 3843 Venethhli·

165 3880 200 3928 pe
207 3865 270 3914 vr‘rrs.
277 3862 363 3929 Puppe
370 3862 516 3926 Pharum,-
523 3859 564 3912 cui
574 3870 674 3913 strueu·
722 3862 802 3934 cyllus
813 3873 839 3914 et
851 3862 1030 3913 Bersmauuus
1041 3856 1182 3911 edidenrnt
1191 3852 1226 3904 nl

171 3936 210 3991 dte
218 3937 268 3990 dux
276 3936 415 3990 Phereclus
422 3939 568 4007 prefuerat,
577 3938 619 4006 qui
626 3937 673 3989 Pa·
722 3945 825 4002 mamm,
838 3949 864 3992 et
876 3938 910 3991 ita
922 3938 1076 3990 Puteaueus
1090 3943 1118 3987 et
1133 3941 1223 4002 septa

170 4015 255 4069 ridem
265 4014 359 4069 deiude
371 4013 405 4067 ad
419 4014 516 4067 bellum
527 4014 674 4081 Troianum
724 4016 765 4069 alii
774 4034 779 4068 :
788 4034 837 4069 nec
847 4014 963 4083 displicet
974 4010 1119 4082 Naugerio.
1129 4009 1225 4064 otene

170 4103 310 4161 sequutus,
324 4092 469 4146 aMerione
479 4110 557 4144 cesus
566 4100 617 4153 est,
628 4089 676 4142 de-
691 4154 697 4167 Ι
723 4114 789 4156 mm,
802 4093 940 4145 Junianus.
952 4090 1052 4143 Burin.

171 4170 255 4223 bitum
267 4169 399 4224 industriae
410 4169 544 4239 premium
553 4208 560 4234 ,
568 4186 626 4237 que
638 4177 676 4220 tot
756 4193 795 4239 ²7·
813 4172 960 4223 Atratinus.
976 4168 1093 4236 Proprio
1106 4180 1226 4220 ususvet·

174 4247 295 4314 Troianis
309 4247 456 4317 Graecisque
471 4248 538 4302 mala
553 4245 676 4300 intulerit.
724 4250 773 4312 bo,
786 4247 818 4300 de
829 4247 874 4312 iis,
889 4248 1007 4315 quicum
1019 4264 1049 4298 re
1064 4242 1176 4313 quadam
1185 4236 1227 4292 sd·

91 4394 94 4399 Ι
174 4329 286 4397 hlrpra'ars
304 4332 327 4379 δι’
341 4330 444 4394 sipoto
461 4329 566 4402 hepta,
581 4329 677 4383 virtores
725 4324 852 4389 veniunt,
867 4334 897 4376 ut
914 4323 948 4377 ad
964 4323 1007 4376 illa
1024 4321 1174 4392 Propertii,
1188 4315 1226 4369 lib·

186 4463 192 4483 ,
241 4406 300 4466 virs,
726 4403 871 4466 111,v,14.

175 4482 322 4550 dwlfff‘ffl,
338 4483 360 4539 ἴς
378 4488 456 4557 χερσὶν
471 4484 566 4547 irie-trra
580 4487 678 4537 raihta
751 4480 1017 4533 ⁴4¹⁸21³²¹¹¹¹⁵¹⁰¹¹t⁰l⁸s¹t¹⁸
1027 4488 1170 4525 ΜΝ·

240 4554 313 4607 πάντα
727 4553 825 4609 notavit
837 4553 1049 4624 diligentissimus
1062 4546 1228 4612 Parentium
