2790 4696
220 357 261 398 aa
625 335 669 400 A.
698 334 877 405 SABINI

267 471 385 566 Fugit,
402 470 443 543 ab
463 469 613 572 amplexu
631 489 681 546 ter
697 473 839 548 resoluta
857 494 946 548 meo:

222 584 437 686 Phyllaciden
454 587 539 674 vidi3
558 590 755 689 contemptis
772 589 920 663 sortibus
936 587 993 663 ille

266 702 396 776 Primus
412 704 448 775 in
465 705 645 778 Hectoreas
662 703 779 778 intulit
795 734 884 780 arma
901 705 1033 779 domos:

215 817 308 892 Felix
325 818 456 893 laudata
473 848 548 894 cum
564 821 724 920 conjuge!
742 819 817 894 laeta
833 848 894 921 per
906 821 1042 894 umbras

264 930 325 1006 Illa
340 962 436 1007 suum
450 933 552 1008 sortes
568 935 597 1006 it
611 935 765 1008 comitata
781 934 898 1005 virum.
1247 975 1279 1027 7⁰

215 1048 365 1121 Necdum
381 1046 430 1120 illi
448 1049 603 1123 Lachesis
621 1047 727 1119 diotos
745 1063 971 1119 numeraverat
986 1073 1091 1118 mnus
1109 1075 1118 1119 :

264 1161 329 1234 Sed
344 1162 437 1258 juvat
452 1179 526 1235 aute
543 1188 640 1233 suum
657 1161 704 1232 sic
722 1158 878 1232 cecidisse
897 1158 993 1231 diem.

215 1274 308 1360 Vidi,
327 1303 387 1347 uec
404 1274 561 1375 lacrymas
579 1273 665 1347 oculi
685 1291 819 1348 tenuere
836 1274 1004 1360 cadentes,

266 1387 455 1462 Deformem
471 1386 611 1462 Atriden
630 1388 705 1484 (hei
721 1389 825 1483 mibi)
843 1390 931 1464 eade
947 1418 1042 1463 nova.

216 1501 314 1576 Illum
331 1504 431 1602 Troja
447 1504 553 1577 vimm
569 1533 638 1576 non
656 1504 785 1578 leserat
803 1530 811 1572 :
829 1503 884 1578 ille
900 1504 1065 1578 fiarentem
1246 1530 1280 1598 75

262 1617 449 1718 Nauplion,
467 1618 636 1691 Euboicos
654 1619 890 1720 transieratque
909 1621 1012 1692 sinus.

217 1733 310 1832 Quid
326 1734 447 1808 relert?
464 1735 604 1810 animam
619 1763 679 1834 per
695 1733 830 1809 vulnera
845 1734 933 1810 mille
951 1734 1118 1836 proludit,

216 1940 263 1982 eet
277 1928 370 2000 Odyss.
380 1939 416 1994 A,
427 1931 614 1999 ido-Meque
623 1950 721 2000 queren-

216 2014 273 2058 tem.
286 2007 400 2073 Delrius,
409 2005 607 2060 Commentario
615 2009 721 2062 Senecae

216 2083 313 2135 Troad.
325 2086 387 2154 459,
401 2089 484 2152 terque
495 2093 634 2153 querentem
643 2086 720 2155 legin

214 2161 260 2213 sed
271 2161 343 2213 nulla
353 2180 417 2229 opus
427 2163 581 2213 mutatione.
594 2163 693 2215 Herus.

247 2238 287 2289 66.
304 2240 381 2304 Fugit
391 2241 425 2289 ab
434 2242 551 2304 amplexu
563 2244 604 2289 ter
611 2241 722 2290 resoluta

214 2334 276 2367 meo.
288 2313 381 2367 Malim
390 2318 515 2378 reeolula5
526 2334 581 2368 non
591 2315 721 2367 enimam·

214 2392 375 2461 plectebatur
407 2392 528 2445 umbram
555 2403 701 2446 maternam
712 2432 719 2459 ,

212 2468 259 2521 sed
275 2470 418 2522 conabatur
428 2467 555 2536 amplecti.
566 2468 645 2521 Libro
658 2470 721 2521 Me-

214 2556 276 2597 tam.
288 2563 334 2612 x1,
348 2548 386 2599 58.
399 2546 431 2599 de
450 2545 560 2615 Orpheo
577 2545 720 2617 Eurydices

215 2624 337 2676 umbram
347 2623 472 2693 gestiente
484 2622 617 2692 amplecti:

266 2709 406 2760 ...Prendique
414 2718 433 2746 et
442 2708 535 2759 prendere
543 2716 633 2758 aptans,

213 2780 249 2821 Nil
257 2783 295 2820 nisi
306 2781 394 2820 sedentes
405 2780 473 2821 inseiis
480 2781 549 2831 arripit
559 2781 644 2818 umbras.

214 2853 269 2906 Ubi
279 2853 358 2906 etiam
367 2853 460 2920 babes,
469 2858 626 2922 revolutaque
635 2873 718 2906 rursus

212 2932 354 2992 eademst,
361 2930 494 2999 quomodo
502 2931 595 2984 vetusti
606 2930 719 2985 codices:

214 3010 295 3079 probe
302 3010 419 3062 omnino.
425 3009 504 3078 Apud
511 3008 650 3078 Virgilium
656 3009 718 3062 AEn.

212 3103 260 3154 vr,
274 3089 329 3159 449·
340 3085 373 3140 de
386 3085 477 3140 Creuit

212 3178 289 3217 Rursus
296 3185 316 3215 et
322 3177 344 3215 in
351 3184 434 3215 vetemur
443 3175 483 3216 suto
492 3176 578 3216 revolute
586 3176 673 3226 ligurem.
688 3177 716 3214 Η.

245 3250 285 3321 67.
297 3253 337 3301 Ph
334 3253 465 3320 yllacr'dere
475 3253 532 3302 vr'ulr'
540 3260 588 3303 etc.
600 3248 719 3303 Protesi-

211 3325 300 3393 laum,
318 3327 354 3380 sie
363 3327 461 3380 dietum
480 3326 619 3396 aPhylace
635 3325 715 3389 urbe,

212 3406 253 3458 cui
265 3406 375 3474 praefuit.

244 3483 283 3535 68.
299 3487 331 3536 Ire
340 3486 481 3538 IIecloreas
490 3485 578 3536 intuli!
586 3499 657 3532 arma
669 3482 717 3533 do-

211 3577 271 3611 mos.
282 3559 440 3629 scripserat,
448 3571 526 3631 puto,
536 3557 648 3612 Sabinus
656 3597 663 3625 ,
671 3562 717 3610 rire·

207 3640 282 3702 pule't.
290 3646 320 3688 ut
330 3637 440 3691 Metam
453 3654 509 3704 x11,
521 3640 584 3691 550:

244 3725 354 3762 immeritas
362 3726 419 3765 nrbes
428 3728 512 3778 Elinque
519 3728 621 3778 Pylumque

210 3794 286 3843 nimiu
294 3797 410 3848 iuqueroeoe
419 3799 491 3838 serron
496 3798 631 3849 unumque
636 3803 713 3848 peneto

211 3866 306 3916 Impulit.

212 3940 309 3993 Lucan.
319 3940 362 3994 lib.
372 3959 413 3998 vu
423 3984 430 4012 ,
446 3945 488 4000 16:

801 1931 841 2004 59.
860 1933 1040 1983 laudalacurrr
1048 1928 1168 1998 conjure!
1179 1927 1276 1982 Laoda-

769 2008 830 2061 mia.
842 2008 903 2060 uo.
915 2008 982 2061 infra
993 2006 1074 2077 Epist.
1086 2022 1145 2058 xrrr.

783 2085 1275 2153 polllasuumsorlesrtcome'lalavr‘rum.

769 2163 858 2214 turres
867 2167 908 2224 1‘l,·
925 2163 995 2214 refer
1003 2161 1034 2213 ad
1043 2166 1068 2215 ri
1076 2163 1187 2222 umbras,
1204 2161 1275 2230 quod

770 2238 906 2304 precessit;
918 2249 944 2290 et
950 2236 1000 2290 hoc
1007 2236 1072 2290 vidit
1081 2237 1232 2292 Swarthius.
1239 2239 1274 2291 H.

804 2317 841 2382 75.
852 2317 900 2366 Ille
900 2313 1029 2381 srrreulern
1036 2317 1169 2382 Nauplion.
1178 2315 1274 2368 Eubeae

768 2388 859 2442 insulae
872 2409 931 2457 rex,
944 2400 971 2445 et
983 2390 1128 2444 Palamedis
1144 2403 1232 2461 pater,
1244 2412 1275 2447 ex

746 2462 749 2467 ’
771 2464 910 2537 Clymene,
921 2468 1047 2538 Apollinis
1058 2469 1117 2522 felia.
1126 2491 1139 2515 o
1147 2471 1274 2540 lliocapto

769 2552 795 2595 et
803 2543 883 2599 divisa
891 2545 992 2617 preda,
1001 2547 1086 2600 Danai
1094 2565 1154 2598 cum
1164 2546 1274 2600 domurn

768 2620 884 2676 redirent
892 2664 899 2689 ,
907 2633 1060 2693 tempestate
1067 2633 1094 2674 et
1103 2621 1222 2676 fluctibus
1231 2624 1273 2676 ad·

767 2700 864 2768 versis,
884 2701 916 2754 ad
932 2720 991 2754 saxa
1010 2698 1146 2770 Capharea
1160 2702 1272 2752 naufra-

767 2777 840 2844 gium
856 2788 935 2831 noctu
946 2778 1072 2830 fecerunt.
1086 2775 1168 2845 Quod
1180 2783 1208 2830 ut
1225 2797 1273 2830 au-

767 2852 831 2906 divit
838 2855 963 2924 Nauplius
971 2893 978 2920 ,
985 2852 1082 2907 Graecis
1091 2863 1117 2906 et
1125 2852 1193 2905 Ulixi
1204 2874 1273 2923 prae-

766 2933 856 2985 sertim
864 2933 990 2997 infensus,
997 2941 1104 2999 propter
1111 2929 1270 3000 liliicaedem,

765 3009 1028 3062 sacemardentemeo
1034 3008 1169 3075 locojussit
1175 3010 1270 3077 extolli,

766 3104 818 3154 quo
829 3106 886 3139 saxa
898 3096 984 3152 acuta,
993 3095 1019 3138 et
1029 3084 1100 3138 loeus
1109 3085 1271 3154 periculosis-

765 3163 852 3216 simus.
870 3162 910 3217 llli
921 3181 1001 3216 naves
1011 3181 1044 3215 eo
1058 3161 1203 3228 duxerunt,
1216 3183 1269 3232 quo

764 3240 847 3308 sacto,
861 3241 979 3312 plurime.
989 3241 1127 3294 confracte
1137 3252 1213 3308 sunt,
1223 3242 1269 3294 mi·

764 3316 873 3386 litesque
889 3317 994 3388 plurimi
1005 3336 1066 3370 cum
1077 3316 1184 3371 ducibus
1194 3328 1269 3372 tem—

763 3405 862 3464 pestate
874 3397 948 3450 ooeisi
957 3405 1034 3462 sunt,
1046 3396 1215 3466 membraque
1223 3416 1269 3450 eo-

763 3491 825 3524 rum
842 3493 904 3527 cum
920 3474 1058 3528 visceribus
1074 3474 1107 3527 ad
1123 3494 1181 3527 saxa
1197 3475 1268 3528 illisa.

764 3549 800 3603 At
811 3551 907 3605 Ulixen
922 3562 1015 3606 ventus
1025 3552 1118 3605 detulit
1134 3551 1166 3605 ad
1179 3553 1270 3606 lllara-

762 3627 873 3682 tbonem
884 3631 924 3695 (ut
932 3639 1001 3682 recte
1010 3629 1136 3684 scheller.
1143 3649 1199 3683 non
1208 3632 1268 3682 Ma-

761 3707 879 3772 mrrerrrss,
897 3707 1064 3774 Menelaum,
1075 3707 1104 3760 in
1116 3707 1268 3779 Egyptum3

762 3783 938 3853 Agamennou
949 3805 1010 3839 cum
1024 3784 1169 3839 Cassandra
1178 3785 1205 3837 in
1220 3804 1267 3854 pa-

761 3861 838 3914 triam
849 3863 967 3932 pervenit
980 3886 1002 3915 s.
1012 3863 1110 3936 Hygin-
1120 3863 1184 3916 Fab.
1194 3876 1267 3914 cxvi.

793 3961 832 4010 77.
848 3942 1130 4008 Am'mampervulrrere
1137 3942 1266 4005 millem-

210 4030 236 4069 13«
247 4044 373 4085 peteremque
384 4034 443 4085 suem
455 4038 550 4078 Sertorius
564 4037 644 4091 impulit
651 4053 711 4078 uma.
752 4017 833 4084 ΜΗ.
850 4022 902 4071 Pcr
908 4023 1025 4072 adultera
1035 4023 1101 4079 dela,
1114 4027 1187 4069 velus
1199 4016 1265 4070 liber

572 4113 650 4153 Herus.

760 4096 896 4153 Swartlrii:
908 4118 961 4152 non
970 4097 1134 4153 inconcinne.
1147 4093 1248 4146 Herus.
