<?xml version="1.0" encoding="UTF-8"?>
<!DOCTYPE html PUBLIC "-//W3C//DTD XHTML 1.0 Transitional//EN"
    "http://www.w3.org/TR/xhtml1/DTD/xhtml1-transitional.dtd">
<html xmlns="http://www.w3.org/1999/xhtml" xml:lang="en" lang="en">
 <head>
  <title>
</title>
<meta http-equiv="Content-Type" content="text/html;charset=utf-8" />
  <meta name='ocr-system' content='tesseract 3.04.00' />
  <meta name='ocr-capabilities' content='ocr_page ocr_carea ocr_par ocr_line ocrx_word'/>
</head>
<body>
  <div class='ocr_page' id='page_1' title='image "./publiiovidiinas06massgoog/publiiovidiinas06massgoog_0067.png"; bbox 0 0 2790 4696; ppageno 0'>
   <div class='ocr_carea' id='block_1_1' title="bbox 363 353 1224 435">
    <p class='ocr_par' dir='ltr' id='par_1_1' title="bbox 363 353 1224 435">
     <span class='ocr_line' id='line_1_1' title="bbox 363 353 1224 435; baseline 0.013 -11"><span class='ocrx_word' id='word_1_1' title='bbox 363 353 587 426; x_wconf 88' lang='lat' dir='ltr'>PHYLLIS</span> <span class='ocrx_word' id='word_1_2' title='bbox 612 359 1023 433; x_wconf 82' lang='lat' dir='ltr'>DEMOPHOONTI.</span> <span class='ocrx_word' id='word_1_3' title='bbox 1183 370 1224 435; x_wconf 80' lang='lat'>35</span> 
     </span>
    </p>
   </div>
   <div class='ocr_carea' id='block_1_2' title="bbox 160 496 1021 1175">
    <p class='ocr_par' dir='ltr' id='par_1_2' title="bbox 160 496 1021 1175">
     <span class='ocr_line' id='line_1_2' title="bbox 210 496 920 596; baseline -0.001 -22"><span class='ocrx_word' id='word_1_4' title='bbox 210 501 286 574; x_wconf 88' lang='lat' dir='ltr'>Jam</span> <span class='ocrx_word' id='word_1_5' title='bbox 302 497 399 586; x_wconf 92' lang='lat' dir='ltr'>mihi,</span> <span class='ocrx_word' id='word_1_6' title='bbox 416 497 482 596; x_wconf 85' lang='lat' dir='ltr'>jam</span> <span class='ocrx_word' id='word_1_7' title='bbox 501 496 591 570; x_wconf 90' lang='lat' dir='ltr'>dicar</span> <span class='ocrx_word' id='word_1_8' title='bbox 607 496 812 574; x_wconf 88' lang='lat' dir='ltr'>consuluisse</span> <span class='ocrx_word' id='word_1_9' title='bbox 828 502 920 576; x_wconf 87' lang='lat' dir='ltr'>meis.</span> 
     </span>
     <span class='ocr_line' id='line_1_3' title="bbox 160 611 1021 713; baseline 0 -24"><span class='ocrx_word' id='word_1_10' title='bbox 160 615 231 690; x_wconf 80' lang='lat' dir='ltr'>sed</span> <span class='ocrx_word' id='word_1_11' title='bbox 248 641 356 713; x_wconf 90' lang='lat' dir='ltr'>neque</span> <span class='ocrx_word' id='word_1_12' title='bbox 373 611 525 687; x_wconf 90' lang='lat' dir='ltr'>consului</span> <span class='ocrx_word' id='word_1_13' title='bbox 544 642 552 684; x_wconf 96' lang='lat'><strong>:</strong></span> <span class='ocrx_word' id='word_1_14' title='bbox 571 641 631 685; x_wconf 93' lang='lat' dir='ltr'>nec</span> <span class='ocrx_word' id='word_1_15' title='bbox 649 631 680 685; x_wconf 92' lang='lat' dir='ltr'>te</span> <span class='ocrx_word' id='word_1_16' title='bbox 698 642 770 688; x_wconf 89' lang='lat' dir='ltr'>mea</span> <span class='ocrx_word' id='word_1_17' title='bbox 786 617 876 712; x_wconf 83' lang='lat' dir='ltr'>regia</span> <span class='ocrx_word' id='word_1_18' title='bbox 894 634 1021 712; x_wconf 85' lang='lat' dir='ltr'>tanget,</span> 
     </span>
     <span class='ocr_line' id='line_1_4' title="bbox 212 727 957 831; baseline 0.001 -28"><span class='ocrx_word' id='word_1_19' title='bbox 212 734 377 827; x_wconf 84' lang='lat' dir='ltr'>Fessaque</span> <span class='ocrx_word' id='word_1_20' title='bbox 393 727 542 800; x_wconf 89' lang='lat' dir='ltr'>Bistonia</span> <span class='ocrx_word' id='word_1_21' title='bbox 558 727 706 800; x_wconf 87' lang='lat' dir='ltr'>membra</span> <span class='ocrx_word' id='word_1_22' title='bbox 724 727 846 802; x_wconf 86' lang='lat' dir='ltr'>lavabis</span> <span class='ocrx_word' id='word_1_23' title='bbox 863 760 957 831; x_wconf 88' lang='lat' dir='ltr'>aqua.</span> 
     </span>
     <span class='ocr_line' id='line_1_5' title="bbox 165 841 934 942; baseline 0.001 -24"><span class='ocrx_word' id='word_1_24' title='bbox 165 844 227 919; x_wconf 86' lang='lat' dir='ltr'>llla</span> <span class='ocrx_word' id='word_1_25' title='bbox 243 844 326 918; x_wconf 91' lang='lat' dir='ltr'>meis</span> <span class='ocrx_word' id='word_1_26' title='bbox 344 841 445 916; x_wconf 93' lang='lat' dir='ltr'>oculis</span> <span class='ocrx_word' id='word_1_27' title='bbox 463 841 588 942; x_wconf 88' lang='lat' dir='ltr'>species</span> <span class='ocrx_word' id='word_1_28' title='bbox 607 843 761 916; x_wconf 86' lang='lat' dir='ltr'>abeuntis</span> <span class='ocrx_word' id='word_1_29' title='bbox 779 845 934 934; x_wconf 78' lang='lat' dir='ltr'>inheret,</span> 
     </span>
     <span class='ocr_line' id='line_1_6' title="bbox 216 956 989 1059; baseline 0.001 -26"><span class='ocrx_word' id='word_1_30' title='bbox 216 962 329 1057; x_wconf 82' lang='lat' dir='ltr'>Quum</span> <span class='ocrx_word' id='word_1_31' title='bbox 346 975 506 1059; x_wconf 87' lang='lat' dir='ltr'>premeret</span> <span class='ocrx_word' id='word_1_32' title='bbox 523 974 642 1057; x_wconf 90' lang='lat' dir='ltr'>portus</span> <span class='ocrx_word' id='word_1_33' title='bbox 657 956 769 1032; x_wconf 88' lang='lat' dir='ltr'>classis</span> <span class='ocrx_word' id='word_1_34' title='bbox 787 962 874 1035; x_wconf 86' lang='lat' dir='ltr'>itura</span> <span class='ocrx_word' id='word_1_35' title='bbox 889 991 989 1036; x_wconf 90' lang='lat' dir='ltr'>meos.</span> 
     </span>
     <span class='ocr_line' id='line_1_7' title="bbox 166 1072 990 1175; baseline -0.001 -22"><span class='ocrx_word' id='word_1_36' title='bbox 166 1081 277 1154; x_wconf 85' lang='lat' dir='ltr'>Ausus</span> <span class='ocrx_word' id='word_1_37' title='bbox 295 1104 329 1151; x_wconf 86' lang='lat' dir='ltr'>es</span> <span class='ocrx_word' id='word_1_38' title='bbox 346 1073 513 1175; x_wconf 77' lang='lat' dir='ltr'><strong>amplecti,</strong></span> <span class='ocrx_word' id='word_1_39' title='bbox 533 1072 686 1173; x_wconf 90' lang='lat' dir='ltr'>colloque</span> <span class='ocrx_word' id='word_1_40' title='bbox 703 1074 834 1150; x_wconf 85' lang='lat' dir='ltr'>inlusus</span> <span class='ocrx_word' id='word_1_41' title='bbox 852 1079 990 1152; x_wconf 88' lang='lat' dir='ltr'>amantis</span> 
     </span>
    </p>
   </div>
   <div class='ocr_carea' id='block_1_3' title="bbox 165 1243 693 4214">
    <p class='ocr_par' dir='ltr' id='par_1_3' title="bbox 165 1243 676 1858">
     <span class='ocr_line' id='line_1_8' title="bbox 165 1243 673 1320; baseline -0.018 -17"><span class='ocrx_word' id='word_1_42' title='bbox 165 1248 292 1320; x_wconf 86' lang='lat' dir='ltr'>supererit</span> <span class='ocrx_word' id='word_1_43' title='bbox 308 1247 410 1318; x_wconf 91' lang='lat' dir='ltr'>poetis,</span> <span class='ocrx_word' id='word_1_44' title='bbox 427 1245 448 1298; x_wconf 90' lang='lat' dir='ltr'>si</span> <span class='ocrx_word' id='word_1_45' title='bbox 465 1265 495 1297; x_wconf 82' lang='lat' dir='ltr'>ex</span> <span class='ocrx_word' id='word_1_46' title='bbox 511 1243 552 1296; x_wconf 88' lang='lat' dir='ltr'>his</span> <span class='ocrx_word' id='word_1_47' title='bbox 569 1262 673 1312; x_wconf 90' lang='lat' dir='ltr'>quoque</span> 
     </span>
     <span class='ocr_line' id='line_1_9' title="bbox 166 1321 674 1392; baseline -0.014 -13"><span class='ocrx_word' id='word_1_48' title='bbox 166 1329 248 1382; x_wconf 87' lang='lat' dir='ltr'>verbis</span> <span class='ocrx_word' id='word_1_49' title='bbox 259 1327 370 1379; x_wconf 85' lang='lat' dir='ltr'>obscaeui</span> <span class='ocrx_word' id='word_1_50' title='bbox 380 1322 476 1392; x_wconf 87' lang='lat' dir='ltr'>aliquid</span> <span class='ocrx_word' id='word_1_51' title='bbox 484 1333 511 1375; x_wconf 89' lang='lat' dir='ltr'>et</span> <span class='ocrx_word' id='word_1_52' title='bbox 520 1322 635 1374; x_wconf 87' lang='lat' dir='ltr'>Venerei</span> <span class='ocrx_word' id='word_1_53' title='bbox 647 1321 674 1374; x_wconf 95' lang='lat' dir='ltr'>li-</span> 
     </span>
     <span class='ocr_line' id='line_1_10' title="bbox 165 1399 674 1472; baseline -0.02 -13"><span class='ocrx_word' id='word_1_54' title='bbox 165 1417 221 1458; x_wconf 87' lang='lat' dir='ltr'>ceat</span> <span class='ocrx_word' id='word_1_55' title='bbox 238 1404 404 1472; x_wconf 81' lang='lat' dir='ltr'>exsculpere,</span> <span class='ocrx_word' id='word_1_56' title='bbox 422 1410 452 1452; x_wconf 91' lang='lat' dir='ltr'>ut</span> <span class='ocrx_word' id='word_1_57' title='bbox 468 1400 528 1457; x_wconf 74' lang='lat' dir='ltr'>feeit</span> <span class='ocrx_word' id='word_1_58' title='bbox 545 1399 674 1468; x_wconf 73' lang='lat' dir='ltr'>lilariaug.</span> 
     </span>
     <span class='ocr_line' id='line_1_11' title="bbox 167 1476 674 1536; baseline -0.018 1"><span class='ocrx_word' id='word_1_59' title='bbox 167 1484 304 1536; x_wconf 77' lang='lat' dir='ltr'>Accursius</span> <span class='ocrx_word' id='word_1_60' title='bbox 314 1483 341 1533; x_wconf 91' lang='lat' dir='ltr'>iu</span> <span class='ocrx_word' id='word_1_61' title='bbox 349 1478 472 1533; x_wconf 82' lang='lat' dir='ltr'>Diatribis</span> <span class='ocrx_word' id='word_1_62' title='bbox 483 1476 514 1529; x_wconf 89' lang='lat' dir='ltr'>ad</span> <span class='ocrx_word' id='word_1_63' title='bbox 525 1476 566 1529; x_wconf 93' lang='lat' dir='ltr'>lib.</span> <span class='ocrx_word' id='word_1_64' title='bbox 573 1491 609 1527; x_wconf 87' lang='lat' dir='ltr'>tv.</span> <span class='ocrx_word' id='word_1_65' title='bbox 618 1476 674 1528; x_wconf 70' lang='grc' dir='ltr'>Με-</span> 
     </span>
     <span class='ocr_line' id='line_1_12' title="bbox 168 1560 675 1627; baseline -0.02 -13"><span class='ocrx_word' id='word_1_66' title='bbox 168 1571 227 1613; x_wconf 82' lang='lat' dir='ltr'>tarn</span> <span class='ocrx_word' id='word_1_67' title='bbox 239 1563 293 1614; x_wconf 93' lang='lat' dir='ltr'>Pro</span> <span class='ocrx_word' id='word_1_68' title='bbox 304 1561 478 1627; x_wconf 77' lang='lat' dir='ltr'>spumescant,</span> <span class='ocrx_word' id='word_1_69' title='bbox 490 1560 630 1607; x_wconf 80' lang='lat' dir='ltr'>canescant</span> <span class='ocrx_word' id='word_1_70' title='bbox 637 1564 675 1605; x_wconf 87' lang='lat' dir='ltr'>est</span> 
     </span>
     <span class='ocr_line' id='line_1_13' title="bbox 167 1632 675 1707; baseline -0.016 -15"><span class='ocrx_word' id='word_1_71' title='bbox 167 1641 195 1692; x_wconf 88' lang='lat' dir='ltr'>in</span> <span class='ocrx_word' id='word_1_72' title='bbox 207 1638 319 1691; x_wconf 80' lang='lat' dir='ltr'>editione</span> <span class='ocrx_word' id='word_1_73' title='bbox 332 1636 457 1707; x_wconf 82' lang='lat' dir='ltr'>principe.</span> <span class='ocrx_word' id='word_1_74' title='bbox 468 1634 565 1685; x_wconf 77' lang='lat' dir='ltr'>Buttm.</span> <span class='ocrx_word' id='word_1_75' title='bbox 578 1632 675 1684; x_wconf 88' lang='lat' dir='ltr'>Sensus</span> 
     </span>
     <span class='ocr_line' id='line_1_14' title="bbox 167 1715 676 1781; baseline -0.016 -13"><span class='ocrx_word' id='word_1_76' title='bbox 167 1717 255 1769; x_wconf 85' lang='lat' dir='ltr'>obvius</span> <span class='ocrx_word' id='word_1_77' title='bbox 268 1717 303 1769; x_wconf 88' lang='lat' dir='ltr'>:si</span> <span class='ocrx_word' id='word_1_78' title='bbox 316 1715 409 1779; x_wconf 86' lang='lat' dir='ltr'>datur,</span> <span class='ocrx_word' id='word_1_79' title='bbox 422 1730 502 1781; x_wconf 90' lang='lat' dir='ltr'>quem</span> <span class='ocrx_word' id='word_1_80' title='bbox 511 1728 676 1778; x_wconf 80' lang='lat' dir='ltr'>speraveram</span> 
     </span>
     <span class='ocr_line' id='line_1_15' title="bbox 168 1787 593 1858; baseline -0.021 -11"><span class='ocrx_word' id='word_1_81' title='bbox 168 1795 260 1857; x_wconf 81' lang='lat' dir='ltr'>exitus;</span> <span class='ocrx_word' id='word_1_82' title='bbox 273 1793 293 1846; x_wconf 88' lang='lat' dir='ltr'>si</span> <span class='ocrx_word' id='word_1_83' title='bbox 306 1792 389 1858; x_wconf 87' lang='lat' dir='ltr'>redis,</span> <span class='ocrx_word' id='word_1_84' title='bbox 405 1800 435 1843; x_wconf 91' lang='lat' dir='ltr'>ut</span> <span class='ocrx_word' id='word_1_85' title='bbox 447 1787 593 1858; x_wconf 78' lang='lat' dir='ltr'>promisisti.</span> 
     </span>
    </p>

    <p class='ocr_par' dir='ltr' id='par_1_4' title="bbox 170 1869 679 2401">
     <span class='ocr_line' id='line_1_16' title="bbox 200 1869 676 1924; baseline -0.013 0"><span class='ocrx_word' id='word_1_86' title='bbox 200 1873 240 1924; x_wconf 82' lang='lat'>88.</span> <span class='ocrx_word' id='word_1_87' title='bbox 254 1874 316 1923; x_wconf 78' lang='lat' dir='ltr'>lam</span> <span class='ocrx_word' id='word_1_88' title='bbox 338 1874 414 1922; x_wconf 76' lang='lat' dir='ltr'>dim</span> <span class='ocrx_word' id='word_1_89' title='bbox 431 1869 587 1920; x_wconf 65' lang='lat' dir='ltr'>consuluisse</span> <span class='ocrx_word' id='word_1_90' title='bbox 607 1871 676 1918; x_wconf 66' lang='lat' dir='ltr'>mers.</span> 
     </span>
     <span class='ocr_line' id='line_1_17' title="bbox 170 1943 676 2018; baseline -0.014 -17"><span class='ocrx_word' id='word_1_91' title='bbox 170 1948 272 2018; x_wconf 78' lang='lat' dir='ltr'>Duplex</span> <span class='ocrx_word' id='word_1_92' title='bbox 277 1948 318 2000; x_wconf 85' lang='lat' dir='ltr'>hic</span> <span class='ocrx_word' id='word_1_93' title='bbox 324 1966 413 2000; x_wconf 84' lang='lat' dir='ltr'>seusus</span> <span class='ocrx_word' id='word_1_94' title='bbox 422 1963 559 1997; x_wconf 89' lang='lat' dir='ltr'>occurrere</span> <span class='ocrx_word' id='word_1_95' title='bbox 566 1943 676 1996; x_wconf 90' lang='lat' dir='ltr'>videtur.</span> 
     </span>
     <span class='ocr_line' id='line_1_18' title="bbox 171 2021 678 2092; baseline -0.014 -14"><span class='ocrx_word' id='word_1_96' title='bbox 171 2027 223 2079; x_wconf 85' lang='lat' dir='ltr'>Vel</span> <span class='ocrx_word' id='word_1_97' title='bbox 239 2027 310 2079; x_wconf 89' lang='lat' dir='ltr'>enim</span> <span class='ocrx_word' id='word_1_98' title='bbox 327 2024 388 2077; x_wconf 81' lang='lat' dir='ltr'>dicit</span> <span class='ocrx_word' id='word_1_99' title='bbox 404 2043 410 2076; x_wconf 89' lang='lat'>:</span> <span class='ocrx_word' id='word_1_100' title='bbox 431 2021 607 2092; x_wconf 67' lang='lat' dir='ltr'>praedicabunt</span> <span class='ocrx_word' id='word_1_101' title='bbox 625 2021 678 2072; x_wconf 90' lang='lat' dir='ltr'>mei</span> 
     </span>
     <span class='ocr_line' id='line_1_19' title="bbox 170 2098 678 2167; baseline -0.018 -10"><span class='ocrx_word' id='word_1_102' title='bbox 170 2104 311 2157; x_wconf 85' lang='lat' dir='ltr'>consilium</span> <span class='ocrx_word' id='word_1_103' title='bbox 323 2120 366 2152; x_wconf 88' lang='lat' dir='ltr'>me</span> <span class='ocrx_word' id='word_1_104' title='bbox 379 2111 476 2152; x_wconf 90' lang='lat' dir='ltr'>rectum</span> <span class='ocrx_word' id='word_1_105' title='bbox 487 2099 583 2167; x_wconf 78' lang='lat' dir='ltr'>cepisse</span> <span class='ocrx_word' id='word_1_106' title='bbox 596 2119 602 2161; x_wconf 88' lang='lat'>;</span> <span class='ocrx_word' id='word_1_107' title='bbox 623 2098 678 2162; x_wconf 89' lang='lat' dir='ltr'>vel,</span> 
     </span>
     <span class='ocr_line' id='line_1_20' title="bbox 170 2177 677 2236; baseline -0.018 -2"><span class='ocrx_word' id='word_1_108' title='bbox 170 2185 249 2234; x_wconf 79' lang='lat' dir='ltr'>dr&#39;car</span> <span class='ocrx_word' id='word_1_109' title='bbox 254 2179 389 2232; x_wconf 86' lang='lat' dir='ltr'>Thracum</span> <span class='ocrx_word' id='word_1_110' title='bbox 400 2177 496 2229; x_wconf 78' lang='lat' dir='ltr'>utilitati</span> <span class='ocrx_word' id='word_1_111' title='bbox 509 2179 677 2236; x_wconf 66' lang='lat' dir='ltr'>consuluisse,</span> 
     </span>
     <span class='ocr_line' id='line_1_21' title="bbox 172 2255 679 2325; baseline -0.02 -12"><span class='ocrx_word' id='word_1_112' title='bbox 172 2260 253 2313; x_wconf 88' lang='lat' dir='ltr'>talem</span> <span class='ocrx_word' id='word_1_113' title='bbox 263 2255 423 2325; x_wconf 83' lang='lat' dir='ltr'>accipiendo,</span> <span class='ocrx_word' id='word_1_114' title='bbox 437 2255 479 2323; x_wconf 88' lang='lat' dir='ltr'>qui</span> <span class='ocrx_word' id='word_1_115' title='bbox 486 2255 553 2323; x_wconf 87' lang='lat' dir='ltr'>ipsos</span> <span class='ocrx_word' id='word_1_116' title='bbox 562 2261 679 2320; x_wconf 82' lang='lat' dir='ltr'>regeret,</span> 
     </span>
     <span class='ocr_line' id='line_1_22' title="bbox 172 2329 679 2401; baseline -0.02 -12"><span class='ocrx_word' id='word_1_117' title='bbox 172 2329 679 2401; x_wconf 82' lang='lat' dir='ltr'>maritumUtrumquerecte,ctadrem.</span> 
     </span>
    </p>

    <p class='ocr_par' dir='ltr' id='par_1_5' title="bbox 171 2406 683 3030">
     <span class='ocr_line' id='line_1_23' title="bbox 206 2406 680 2487; baseline -0.017 -21"><span class='ocrx_word' id='word_1_118' title='bbox 206 2416 247 2487; x_wconf 77' lang='lat'>89.</span> <span class='ocrx_word' id='word_1_119' title='bbox 258 2416 343 2466; x_wconf 80' lang='lat' dir='ltr'>Necte</span> <span class='ocrx_word' id='word_1_120' title='bbox 350 2431 406 2463; x_wconf 73' lang='lat' dir='ltr'>mea</span> <span class='ocrx_word' id='word_1_121' title='bbox 412 2415 582 2476; x_wconf 68' lang='lat' dir='ltr'>regelatanget.</span> <span class='ocrx_word' id='word_1_122' title='bbox 592 2406 680 2475; x_wconf 81' lang='lat' dir='ltr'>Vulgo</span> 
     </span>
     <span class='ocr_line' id='line_1_24' title="bbox 171 2483 681 2561; baseline -0.02 -16"><span class='ocrx_word' id='word_1_123' title='bbox 171 2491 312 2561; x_wconf 79' lang='lat' dir='ltr'>exponitur</span> <span class='ocrx_word' id='word_1_124' title='bbox 323 2509 330 2542; x_wconf 92' lang='lat'>:</span> <span class='ocrx_word' id='word_1_125' title='bbox 340 2508 390 2542; x_wconf 85' lang='lat' dir='ltr'>nec</span> <span class='ocrx_word' id='word_1_126' title='bbox 399 2493 471 2554; x_wconf 69' lang='lat' dir='ltr'>aegris</span> <span class='ocrx_word' id='word_1_127' title='bbox 481 2505 538 2538; x_wconf 83' lang='lat' dir='ltr'>mea</span> <span class='ocrx_word' id='word_1_128' title='bbox 551 2485 596 2537; x_wconf 90' lang='lat' dir='ltr'>tibi</span> <span class='ocrx_word' id='word_1_129' title='bbox 609 2483 681 2537; x_wconf 86' lang='lat' dir='ltr'>cordi</span> 
     </span>
     <span class='ocr_line' id='line_1_25' title="bbox 171 2562 681 2624; baseline -0.02 0"><span class='ocrx_word' id='word_1_130' title='bbox 171 2572 231 2624; x_wconf 86' lang='lat' dir='ltr'>erit.</span> <span class='ocrx_word' id='word_1_131' title='bbox 242 2570 289 2621; x_wconf 84' lang='lat' dir='ltr'>Vir</span> <span class='ocrx_word' id='word_1_132' title='bbox 300 2578 389 2621; x_wconf 85' lang='lat' dir='ltr'>tamen</span> <span class='ocrx_word' id='word_1_133' title='bbox 402 2565 494 2618; x_wconf 90' lang='lat' dir='ltr'>doctus</span> <span class='ocrx_word' id='word_1_134' title='bbox 505 2562 624 2620; x_wconf 81' lang='lat' dir='ltr'>(Miscell.</span> <span class='ocrx_word' id='word_1_135' title='bbox 638 2562 681 2614; x_wconf 94' lang='lat' dir='ltr'>ob·</span> 
     </span>
     <span class='ocr_line' id='line_1_26' title="bbox 171 2640 682 2714; baseline -0.023 -12"><span class='ocrx_word' id='word_1_136' title='bbox 171 2669 236 2702; x_wconf 83' lang='lat' dir='ltr'>serv.</span> <span class='ocrx_word' id='word_1_137' title='bbox 253 2646 311 2699; x_wconf 83' lang='lat' dir='ltr'>vot.</span> <span class='ocrx_word' id='word_1_138' title='bbox 324 2661 369 2710; x_wconf 79' lang='lat' dir='ltr'>vt,</span> <span class='ocrx_word' id='word_1_139' title='bbox 384 2654 448 2697; x_wconf 89' lang='lat' dir='ltr'>tom.</span> <span class='ocrx_word' id='word_1_140' title='bbox 464 2662 492 2707; x_wconf 83' lang='lat' dir='ltr'>s,</span> <span class='ocrx_word' id='word_1_141' title='bbox 513 2660 538 2710; x_wconf 92' lang='lat' dir='ltr'>p.</span> <span class='ocrx_word' id='word_1_142' title='bbox 552 2640 614 2714; x_wconf 62' lang='grc' dir='ltr'>ιφ)</span> <span class='ocrx_word' id='word_1_143' title='bbox 634 2657 682 2707; x_wconf 89' lang='lat' dir='ltr'>per</span> 
     </span>
     <span class='ocr_line' id='line_1_27' title="bbox 172 2720 683 2793; baseline -0.027 -12"><span class='ocrx_word' id='word_1_144' title='bbox 172 2729 314 2793; x_wconf 63' lang='lat' dir='ltr'>naalma</span> <span class='ocrx_word' id='word_1_145' title='bbox 329 2720 488 2791; x_wconf 75' lang='lat' dir='ltr'>accipiebat,</span> <span class='ocrx_word' id='word_1_146' title='bbox 509 2738 576 2787; x_wconf 91' lang='lat' dir='ltr'>pru,</span> <span class='ocrx_word' id='word_1_147' title='bbox 596 2735 643 2769; x_wconf 82' lang='lat' dir='ltr'>nec</span> <span class='ocrx_word' id='word_1_148' title='bbox 654 2720 683 2767; x_wconf 79' lang='lat' dir='ltr'>tu</span> 
     </span>
     <span class='ocr_line' id='line_1_28' title="bbox 173 2795 682 2871; baseline -0.028 -13"><span class='ocrx_word' id='word_1_149' title='bbox 173 2825 251 2857; x_wconf 70' lang='lat' dir='ltr'>mam</span> <span class='ocrx_word' id='word_1_150' title='bbox 262 2812 354 2871; x_wconf 66' lang='lat' dir='ltr'>tanges</span> <span class='ocrx_word' id='word_1_151' title='bbox 364 2804 474 2867; x_wconf 66' lang='lat' dir='ltr'>regiam</span> <span class='ocrx_word' id='word_1_152' title='bbox 489 2807 516 2849; x_wconf 88' lang='lat' dir='ltr'>et</span> <span class='ocrx_word' id='word_1_153' title='bbox 527 2795 616 2865; x_wconf 84' lang='lat' dir='ltr'>negari</span> <span class='ocrx_word' id='word_1_154' title='bbox 627 2813 682 2846; x_wconf 90' lang='lat' dir='ltr'>ne-</span> 
     </span>
     <span class='ocr_line' id='line_1_29' title="bbox 175 2873 682 2951; baseline -0.03 -13"><span class='ocrx_word' id='word_1_155' title='bbox 175 2883 228 2951; x_wconf 82' lang='lat' dir='ltr'>quit</span> <span class='ocrx_word' id='word_1_156' title='bbox 243 2882 303 2936; x_wconf 91' lang='lat' dir='ltr'>illuc</span> <span class='ocrx_word' id='word_1_157' title='bbox 319 2879 408 2948; x_wconf 88' lang='lat' dir='ltr'>aliquo</span> <span class='ocrx_word' id='word_1_158' title='bbox 425 2874 506 2928; x_wconf 86' lang='lat' dir='ltr'>modo</span> <span class='ocrx_word' id='word_1_159' title='bbox 523 2873 618 2927; x_wconf 88' lang='lat' dir='ltr'>ducere</span> <span class='ocrx_word' id='word_1_160' title='bbox 634 2890 682 2925; x_wconf 87' lang='lat' dir='ltr'>se-</span> 
     </span>
     <span class='ocr_line' id='line_1_30' title="bbox 174 2961 294 3030; baseline -0.008 -16"><span class='ocrx_word' id='word_1_161' title='bbox 174 2961 294 3030; x_wconf 79' lang='lat' dir='ltr'>quentia,</span> 
     </span>
    </p>

    <p class='ocr_par' dir='ltr' id='par_1_6' title="bbox 198 3042 607 3093">
     <span class='ocr_line' id='line_1_31' title="bbox 198 3042 607 3093; baseline -0.034 -1"><span class='ocrx_word' id='word_1_162' title='bbox 198 3053 278 3091; x_wconf 56' lang='lat' dir='ltr'>tane·</span> <span class='ocrx_word' id='word_1_163' title='bbox 284 3048 373 3090; x_wconf 74' lang='lat' dir='ltr'>Bistonis</span> <span class='ocrx_word' id='word_1_164' title='bbox 379 3042 607 3093; x_wconf 62' lang='lat' dir='ltr'>nonanta-binum.</span> 
     </span>
    </p>

    <p class='ocr_par' dir='ltr' id='par_1_7' title="bbox 175 3117 688 3805">
     <span class='ocr_line' id='line_1_32' title="bbox 175 3117 685 3192; baseline -0.033 -11"><span class='ocrx_word' id='word_1_165' title='bbox 175 3126 248 3179; x_wconf 82' lang='lat' dir='ltr'>Esset</span> <span class='ocrx_word' id='word_1_166' title='bbox 260 3136 349 3179; x_wconf 85' lang='lat' dir='ltr'>tamen</span> <span class='ocrx_word' id='word_1_167' title='bbox 360 3120 439 3192; x_wconf 88' lang='lat' dir='ltr'>paulo</span> <span class='ocrx_word' id='word_1_168' title='bbox 451 3117 541 3170; x_wconf 87' lang='lat' dir='ltr'>durior</span> <span class='ocrx_word' id='word_1_169' title='bbox 551 3117 685 3181; x_wconf 67' lang='lat' dir='ltr'>Enattage.</span> 
     </span>
     <span class='ocr_line' id='line_1_33' title="bbox 176 3198 684 3264; baseline -0.026 -9"><span class='ocrx_word' id='word_1_170' title='bbox 176 3204 298 3255; x_wconf 68' lang='lat' dir='ltr'>Lame.</span> <span class='ocrx_word' id='word_1_171' title='bbox 313 3229 346 3241; x_wconf 94' lang='lat'><em>-</em></span> <span class='ocrx_word' id='word_1_172' title='bbox 374 3202 476 3264; x_wconf 64' lang='lat' dir='ltr'>Tangat.</span> <span class='ocrx_word' id='word_1_173' title='bbox 502 3198 610 3260; x_wconf 70' lang='lat' dir='ltr'>Turget,</span> <span class='ocrx_word' id='word_1_174' title='bbox 632 3202 684 3244; x_wconf 93' lang='lat' dir='ltr'>tres</span> 
     </span>
     <span class='ocr_line' id='line_1_34' title="bbox 175 3273 688 3346; baseline -0.027 -13"><span class='ocrx_word' id='word_1_175' title='bbox 175 3279 252 3341; x_wconf 79' lang='lat' dir='ltr'>libri;</span> <span class='ocrx_word' id='word_1_176' title='bbox 268 3277 337 3346; x_wconf 89' lang='lat' dir='ltr'>quod</span> <span class='ocrx_word' id='word_1_177' title='bbox 349 3275 453 3329; x_wconf 75' lang='lat' dir='ltr'>arridet</span> <span class='ocrx_word' id='word_1_178' title='bbox 469 3274 569 3325; x_wconf 78' lang='lat' dir='ltr'>Hssms.</span> <span class='ocrx_word' id='word_1_179' title='bbox 593 3273 688 3336; x_wconf 67' lang='lat' dir='ltr'>Tangit</span> 
     </span>
     <span class='ocr_line' id='line_1_35' title="bbox 175 3350 685 3423; baseline -0.024 -14"><span class='ocrx_word' id='word_1_180' title='bbox 175 3356 308 3410; x_wconf 77' lang='lat' dir='ltr'>editiones</span> <span class='ocrx_word' id='word_1_181' title='bbox 319 3355 405 3423; x_wconf 66' lang='lat' dir='ltr'>prisce</span> <span class='ocrx_word' id='word_1_182' title='bbox 418 3363 445 3406; x_wconf 90' lang='lat' dir='ltr'>et</span> <span class='ocrx_word' id='word_1_183' title='bbox 456 3350 543 3419; x_wconf 83' lang='lat' dir='ltr'>scripti</span> <span class='ocrx_word' id='word_1_184' title='bbox 553 3350 608 3401; x_wconf 88' lang='lat' dir='ltr'>sere</span> <span class='ocrx_word' id='word_1_185' title='bbox 620 3366 685 3398; x_wconf 93' lang='lat' dir='ltr'>om-</span> 
     </span>
     <span class='ocr_line' id='line_1_36' title="bbox 177 3430 528 3501; baseline -0.026 -13"><span class='ocrx_word' id='word_1_186' title='bbox 177 3454 241 3501; x_wconf 85' lang='lat' dir='ltr'>nes,</span> <span class='ocrx_word' id='word_1_187' title='bbox 253 3443 284 3484; x_wconf 93' lang='lat' dir='ltr'>ut</span> <span class='ocrx_word' id='word_1_188' title='bbox 296 3432 379 3483; x_wconf 84' lang='lat' dir='ltr'>etius.</span> <span class='ocrx_word' id='word_1_189' title='bbox 392 3430 440 3498; x_wconf 85' lang='lat' dir='ltr'>Ep.</span> <span class='ocrx_word' id='word_1_190' title='bbox 451 3446 477 3481; x_wconf 87' lang='lat' dir='ltr'>v.</span> <span class='ocrx_word' id='word_1_191' title='bbox 488 3430 528 3480; x_wconf 80' lang='grc' dir='ltr'>δι.</span> 
     </span>
     <span class='ocr_line' id='line_1_37' title="bbox 177 3517 673 3573; baseline -0.022 -9"><span class='ocrx_word' id='word_1_192' title='bbox 177 3524 268 3573; x_wconf 53' lang='lat' dir='ltr'>Nmpe</span> <span class='ocrx_word' id='word_1_193' title='bbox 274 3521 336 3559; x_wconf 84' lang='lat' dir='ltr'>mirus</span> <span class='ocrx_word' id='word_1_194' title='bbox 343 3533 389 3570; x_wconf 81' lang='lat' dir='ltr'>opes</span> <span class='ocrx_word' id='word_1_195' title='bbox 395 3548 403 3566; x_wconf 95' lang='lat'>,</span> <span class='ocrx_word' id='word_1_196' title='bbox 415 3532 487 3557; x_wconf 68' lang='lat' dir='ltr'>nene</span> <span class='ocrx_word' id='word_1_197' title='bbox 496 3527 530 3557; x_wconf 81' lang='lat' dir='ltr'>tus</span> <span class='ocrx_word' id='word_1_198' title='bbox 540 3518 592 3567; x_wconf 61' lang='lat' dir='ltr'>regi·</span> <span class='ocrx_word' id='word_1_199' title='bbox 600 3517 673 3568; x_wconf 64' lang='lat' dir='ltr'>tangit·</span> 
     </span>
     <span class='ocr_line' id='line_1_38' title="bbox 177 3589 687 3662; baseline -0.018 -12"><span class='ocrx_word' id='word_1_200' title='bbox 177 3595 233 3651; x_wconf 74' lang='lat' dir='ltr'>set</span> <span class='ocrx_word' id='word_1_201' title='bbox 251 3595 295 3647; x_wconf 87' lang='lat' dir='ltr'>hic</span> <span class='ocrx_word' id='word_1_202' title='bbox 311 3610 408 3662; x_wconf 82' lang='lat' dir='ltr'>sequor</span> <span class='ocrx_word' id='word_1_203' title='bbox 422 3591 574 3654; x_wconf 75' lang='lat' dir='ltr'>Heinsium3</span> <span class='ocrx_word' id='word_1_204' title='bbox 592 3589 687 3642; x_wconf 84' lang='lat' dir='ltr'>diffidit</span> 
     </span>
     <span class='ocr_line' id='line_1_39' title="bbox 176 3667 688 3742; baseline -0.014 -15"><span class='ocrx_word' id='word_1_205' title='bbox 176 3673 316 3742; x_wconf 80' lang='lat' dir='ltr'>enimjam</span> <span class='ocrx_word' id='word_1_206' title='bbox 328 3668 586 3741; x_wconf 83' lang='lat' dir='ltr'>puella,etdesperat</span> <span class='ocrx_word' id='word_1_207' title='bbox 599 3667 632 3720; x_wconf 87' lang='lat' dir='ltr'>de</span> <span class='ocrx_word' id='word_1_208' title='bbox 643 3687 688 3719; x_wconf 86' lang='lat' dir='ltr'>re·</span> 
     </span>
     <span class='ocr_line' id='line_1_40' title="bbox 179 3750 358 3805; baseline -0.022 0"><span class='ocrx_word' id='word_1_209' title='bbox 179 3751 246 3805; x_wconf 88' lang='lat' dir='ltr'>ditu.</span> <span class='ocrx_word' id='word_1_210' title='bbox 259 3750 358 3804; x_wconf 79' lang='lat' dir='ltr'>Burrus.</span> 
     </span>
    </p>

    <p class='ocr_par' dir='ltr' id='par_1_8' title="bbox 180 3826 693 4214">
     <span class='ocr_line' id='line_1_41' title="bbox 211 3826 689 3903; baseline -0.015 -22"><span class='ocrx_word' id='word_1_211' title='bbox 211 3849 253 3903; x_wconf 72' lang='lat'>9⁰·</span> <span class='ocrx_word' id='word_1_212' title='bbox 264 3832 392 3897; x_wconf 76' lang='lat' dir='ltr'>Fessaque</span> <span class='ocrx_word' id='word_1_213' title='bbox 401 3829 522 3880; x_wconf 75' lang='lat' dir='ltr'>Bistonia</span> <span class='ocrx_word' id='word_1_214' title='bbox 533 3829 642 3878; x_wconf 81' lang='lat' dir='ltr'>membra</span> <span class='ocrx_word' id='word_1_215' title='bbox 652 3826 689 3875; x_wconf 83' lang='lat' dir='ltr'>Ia·</span> 
     </span>
     <span class='ocr_line' id='line_1_42' title="bbox 180 3902 690 3978; baseline -0.016 -16"><span class='ocrx_word' id='word_1_216' title='bbox 180 3913 249 3964; x_wconf 79' lang='lat' dir='ltr'>vatis</span> <span class='ocrx_word' id='word_1_217' title='bbox 260 3927 335 3978; x_wconf 75' lang='lat' dir='ltr'>aqua.</span> <span class='ocrx_word' id='word_1_218' title='bbox 353 3906 397 3960; x_wconf 90' lang='lat' dir='ltr'>Sic</span> <span class='ocrx_word' id='word_1_219' title='bbox 412 3905 521 3976; x_wconf 85' lang='lat' dir='ltr'>quidem</span> <span class='ocrx_word' id='word_1_220' title='bbox 537 3923 630 3957; x_wconf 90' lang='lat' dir='ltr'>omnes</span> <span class='ocrx_word' id='word_1_221' title='bbox 645 3902 690 3955; x_wconf 92' lang='lat' dir='ltr'>le-</span> 
     </span>
     <span class='ocr_line' id='line_1_43' title="bbox 182 3983 690 4057; baseline -0.022 -15"><span class='ocrx_word' id='word_1_222' title='bbox 182 3998 258 4057; x_wconf 66' lang='lat' dir='ltr'>guut3</span> <span class='ocrx_word' id='word_1_223' title='bbox 283 3996 310 4039; x_wconf 90' lang='lat' dir='ltr'>et</span> <span class='ocrx_word' id='word_1_224' title='bbox 331 3983 432 4038; x_wconf 84' lang='lat' dir='ltr'>addunt</span> <span class='ocrx_word' id='word_1_225' title='bbox 449 3991 690 4044; x_wconf 82' lang='lat' dir='ltr'>commentatores,</span> 
     </span>
     <span class='ocr_line' id='line_1_44' title="bbox 182 4060 692 4136; baseline -0.012 -20"><span class='ocrx_word' id='word_1_226' title='bbox 182 4067 348 4136; x_wconf 72' lang='lat' dir='ltr'>negationem</span> <span class='ocrx_word' id='word_1_227' title='bbox 360 4083 415 4119; x_wconf 85' lang='lat' dir='ltr'>esse</span> <span class='ocrx_word' id='word_1_228' title='bbox 426 4060 645 4131; x_wconf 72' lang='lat' dir='ltr'>intelligendam,</span> <span class='ocrx_word' id='word_1_229' title='bbox 662 4068 692 4110; x_wconf 90' lang='lat' dir='ltr'>ut</span> 
     </span>
     <span class='ocr_line' id='line_1_45' title="bbox 185 4140 693 4214; baseline -0.008 -18"><span class='ocrx_word' id='word_1_230' title='bbox 185 4142 322 4214; x_wconf 78' lang='lat' dir='ltr'>sitseusus,</span> <span class='ocrx_word' id='word_1_231' title='bbox 335 4163 388 4199; x_wconf 82' lang='lat' dir='ltr'>uer.</span> <span class='ocrx_word' id='word_1_232' title='bbox 394 4142 492 4197; x_wconf 82' lang='lat' dir='ltr'>lavabis</span> <span class='ocrx_word' id='word_1_233' title='bbox 498 4140 617 4194; x_wconf 85' lang='lat' dir='ltr'>membra</span> <span class='ocrx_word' id='word_1_234' title='bbox 625 4157 693 4208; x_wconf 79' lang='lat' dir='ltr'>aqua</span> 
     </span>
    </p>
   </div>
   <div class='ocr_carea' id='block_1_4' title="bbox 723 1244 1233 1319">
    <p class='ocr_par' dir='ltr' id='par_1_9' title="bbox 723 1244 1233 1319">
     <span class='ocr_line' id='line_1_46' title="bbox 723 1244 1233 1319; baseline 0.02 -22"><span class='ocrx_word' id='word_1_235' title='bbox 723 1244 847 1298; x_wconf 88' lang='lat' dir='ltr'>Bistonia.</span> <span class='ocrx_word' id='word_1_236' title='bbox 866 1246 923 1317; x_wconf 77' lang='lat' dir='ltr'>Ego</span> <span class='ocrx_word' id='word_1_237' title='bbox 935 1266 998 1301; x_wconf 90' lang='lat' dir='ltr'>vero</span> <span class='ocrx_word' id='word_1_238' title='bbox 1010 1247 1153 1319; x_wconf 79' lang='lat' dir='ltr'>legendum</span> <span class='ocrx_word' id='word_1_239' title='bbox 1168 1271 1233 1306; x_wconf 88' lang='lat' dir='ltr'>cen·</span> 
     </span>
    </p>
   </div>
   <div class='ocr_carea' id='block_1_5' title="bbox 722 1327 1344 1398">
    <p class='ocr_par' dir='ltr' id='par_1_10' title="bbox 722 1327 1344 1398">
     <span class='ocr_line' id='line_1_47' title="bbox 722 1327 1344 1398; baseline 0.018 -24"><span class='ocrx_word' id='word_1_240' title='bbox 722 1342 781 1389; x_wconf 89' lang='lat' dir='ltr'>seo,</span> <span class='ocrx_word' id='word_1_241' title='bbox 795 1327 903 1376; x_wconf 73' lang='lat' dir='ltr'>Fessm</span> <span class='ocrx_word' id='word_1_242' title='bbox 914 1328 1034 1379; x_wconf 76' lang='lat' dir='ltr'>Bistoniis</span> <span class='ocrx_word' id='word_1_243' title='bbox 1046 1338 1107 1388; x_wconf 77' lang='lat' dir='ltr'>etc,</span> <span class='ocrx_word' id='word_1_244' title='bbox 1122 1349 1169 1398; x_wconf 90' lang='lat' dir='ltr'>per</span> <span class='ocrx_word' id='word_1_245' title='bbox 1180 1329 1234 1383; x_wconf 89' lang='lat' dir='ltr'>dis-</span> <span class='ocrx_word' id='word_1_246' title='bbox 1335 1348 1344 1359; x_wconf 72' lang='lat'><strong><em>⁹</em></strong></span> 
     </span>
    </p>
   </div>
   <div class='ocr_carea' id='block_1_6' title="bbox 723 1401 1241 3103">
    <p class='ocr_par' dir='ltr' id='par_1_11' title="bbox 723 1401 1239 2405">
     <span class='ocr_line' id='line_1_48' title="bbox 724 1401 1234 1476; baseline 0.018 -25"><span class='ocrx_word' id='word_1_247' title='bbox 724 1401 865 1468; x_wconf 85' lang='lat' dir='ltr'>junctivam</span> <span class='ocrx_word' id='word_1_248' title='bbox 888 1403 1062 1472; x_wconf 85' lang='lat' dir='ltr'>particulam,</span> <span class='ocrx_word' id='word_1_249' title='bbox 1088 1424 1141 1476; x_wconf 83' lang='lat' dir='ltr'>quo</span> <span class='ocrx_word' id='word_1_250' title='bbox 1159 1417 1234 1476; x_wconf 88' lang='lat' dir='ltr'>pacto</span> 
     </span>
     <span class='ocr_line' id='line_1_49' title="bbox 724 1478 1234 1552; baseline 0.018 -23"><span class='ocrx_word' id='word_1_251' title='bbox 724 1478 788 1531; x_wconf 86' lang='lat' dir='ltr'>nihil</span> <span class='ocrx_word' id='word_1_252' title='bbox 813 1479 989 1549; x_wconf 84' lang='lat' dir='ltr'>supplendum</span> <span class='ocrx_word' id='word_1_253' title='bbox 1019 1482 1046 1534; x_wconf 90' lang='lat' dir='ltr'>in</span> <span class='ocrx_word' id='word_1_254' title='bbox 1075 1484 1234 1552; x_wconf 79' lang='lat' dir='ltr'>expositione</span> 
     </span>
     <span class='ocr_line' id='line_1_50' title="bbox 724 1556 1235 1628; baseline 0.01 -20"><span class='ocrx_word' id='word_1_255' title='bbox 724 1557 781 1608; x_wconf 89' lang='lat' dir='ltr'>erit.</span> <span class='ocrx_word' id='word_1_256' title='bbox 798 1557 867 1609; x_wconf 87' lang='lat' dir='ltr'>Nam</span> <span class='ocrx_word' id='word_1_257' title='bbox 880 1556 1041 1624; x_wconf 65' lang='lat' dir='ltr'>disjunctive</span> <span class='ocrx_word' id='word_1_258' title='bbox 1053 1561 1235 1628; x_wconf 80' lang='lat' dir='ltr'>negationibus</span> 
     </span>
     <span class='ocr_line' id='line_1_51' title="bbox 723 1633 1236 1705; baseline 0.008 -19"><span class='ocrx_word' id='word_1_259' title='bbox 723 1633 859 1702; x_wconf 79' lang='lat' dir='ltr'>subjectae,</span> <span class='ocrx_word' id='word_1_260' title='bbox 879 1635 960 1686; x_wconf 90' lang='lat' dir='ltr'>etiam</span> <span class='ocrx_word' id='word_1_261' title='bbox 974 1636 1035 1704; x_wconf 79' lang='lat' dir='ltr'>ipsae</span> <span class='ocrx_word' id='word_1_262' title='bbox 1050 1636 1164 1705; x_wconf 73' lang='lat' dir='ltr'>negandi</span> <span class='ocrx_word' id='word_1_263' title='bbox 1181 1638 1236 1691; x_wconf 86' lang='lat' dir='ltr'>vim</span> 
     </span>
     <span class='ocr_line' id='line_1_52' title="bbox 725 1711 1237 1780; baseline 0.01 -18"><span class='ocrx_word' id='word_1_264' title='bbox 725 1711 829 1764; x_wconf 84' lang='lat' dir='ltr'>habent.</span> <span class='ocrx_word' id='word_1_265' title='bbox 840 1712 962 1764; x_wconf 76' lang='lat' dir='ltr'>Mrcrm</span> <span class='ocrx_word' id='word_1_266' title='bbox 971 1740 1004 1751; x_wconf 95' lang='lat'><em>-</em></span> <span class='ocrx_word' id='word_1_267' title='bbox 1012 1716 1138 1780; x_wconf 63' lang='lat' dir='ltr'>lissaque</span> <span class='ocrx_word' id='word_1_268' title='bbox 1146 1717 1237 1768; x_wconf 88' lang='lat' dir='ltr'>Bisto-</span> 
     </span>
     <span class='ocr_line' id='line_1_53' title="bbox 724 1788 1237 1861; baseline 0.006 -21"><span class='ocrx_word' id='word_1_269' title='bbox 724 1796 769 1841; x_wconf 84' lang='lat' dir='ltr'>ne&#39;a</span> <span class='ocrx_word' id='word_1_270' title='bbox 778 1799 826 1842; x_wconf 89' lang='lat' dir='ltr'>etc.</span> <span class='ocrx_word' id='word_1_271' title='bbox 839 1788 1000 1857; x_wconf 86' lang='lat' dir='ltr'>Periphrasis</span> <span class='ocrx_word' id='word_1_272' title='bbox 1012 1789 1044 1841; x_wconf 86' lang='lat' dir='ltr'>ad</span> <span class='ocrx_word' id='word_1_273' title='bbox 1056 1790 1166 1843; x_wconf 88' lang='lat' dir='ltr'>modum</span> <span class='ocrx_word' id='word_1_274' title='bbox 1176 1811 1237 1861; x_wconf 88' lang='lat' dir='ltr'>poe·</span> 
     </span>
     <span class='ocr_line' id='line_1_54' title="bbox 725 1865 1237 1934; baseline 0.008 -16"><span class='ocrx_word' id='word_1_275' title='bbox 725 1865 789 1932; x_wconf 84' lang='lat' dir='ltr'>tica,</span> <span class='ocrx_word' id='word_1_276' title='bbox 803 1877 830 1919; x_wconf 88' lang='lat' dir='ltr'>et</span> <span class='ocrx_word' id='word_1_277' title='bbox 842 1867 916 1934; x_wconf 82' lang='lat' dir='ltr'>cujus</span> <span class='ocrx_word' id='word_1_278' title='bbox 928 1886 1017 1920; x_wconf 88' lang='lat' dir='ltr'>sensus</span> <span class='ocrx_word' id='word_1_279' title='bbox 1029 1877 1068 1920; x_wconf 90' lang='lat' dir='ltr'>est</span> <span class='ocrx_word' id='word_1_280' title='bbox 1080 1868 1237 1922; x_wconf 85' lang='lat' dir='ltr'>:Thraciam</span> 
     </span>
     <span class='ocr_line' id='line_1_55' title="bbox 726 1943 1237 2012; baseline 0.01 -17"><span class='ocrx_word' id='word_1_281' title='bbox 726 1962 873 2012; x_wconf 88' lang='lat' dir='ltr'>numquam</span> <span class='ocrx_word' id='word_1_282' title='bbox 891 1943 994 1998; x_wconf 84' lang='lat' dir='ltr'>revises.</span> <span class='ocrx_word' id='word_1_283' title='bbox 1006 1972 1039 1985; x_wconf 88' lang='lat'><em>-</em></span> <span class='ocrx_word' id='word_1_284' title='bbox 1052 1945 1130 1999; x_wconf 85' lang='lat' dir='ltr'>Dicta</span> <span class='ocrx_word' id='word_1_285' title='bbox 1148 1956 1237 2000; x_wconf 89' lang='lat' dir='ltr'>autem</span> 
     </span>
     <span class='ocr_line' id='line_1_56' title="bbox 727 2021 1236 2090; baseline 0.012 -17"><span class='ocrx_word' id='word_1_286' title='bbox 727 2021 799 2090; x_wconf 82' lang='lat' dir='ltr'>regio</span> <span class='ocrx_word' id='word_1_287' title='bbox 821 2025 954 2081; x_wconf 74' lang='lat' dir='ltr'>Bistoniis,</span> <span class='ocrx_word' id='word_1_288' title='bbox 979 2042 994 2075; x_wconf 87' lang='lat' dir='ltr'>a</span> <span class='ocrx_word' id='word_1_289' title='bbox 1019 2023 1126 2077; x_wconf 90' lang='lat' dir='ltr'>Bistone</span> <span class='ocrx_word' id='word_1_290' title='bbox 1151 2025 1236 2090; x_wconf 85' lang='lat' dir='ltr'>urbe,</span> 
     </span>
     <span class='ocr_line' id='line_1_57' title="bbox 728 2099 1238 2168; baseline 0.01 -18"><span class='ocrx_word' id='word_1_291' title='bbox 728 2118 808 2167; x_wconf 87' lang='lat' dir='ltr'>quam</span> <span class='ocrx_word' id='word_1_292' title='bbox 817 2099 1038 2153; x_wconf 87' lang='lat' dir='ltr'>olimcondiderat</span> <span class='ocrx_word' id='word_1_293' title='bbox 1045 2100 1133 2168; x_wconf 78' lang='lat' dir='ltr'>Bina,</span> <span class='ocrx_word' id='word_1_294' title='bbox 1143 2102 1238 2156; x_wconf 82' lang='lat' dir='ltr'>Martis</span> 
     </span>
     <span class='ocr_line' id='line_1_58' title="bbox 727 2175 1238 2248; baseline 0.004 -18"><span class='ocrx_word' id='word_1_295' title='bbox 727 2187 754 2230; x_wconf 90' lang='lat' dir='ltr'>et</span> <span class='ocrx_word' id='word_1_296' title='bbox 768 2175 899 2229; x_wconf 72' lang='lat' dir='ltr'>Callirhoe⁸</span> <span class='ocrx_word' id='word_1_297' title='bbox 911 2177 986 2231; x_wconf 86' lang='lat' dir='ltr'>lilius.</span> <span class='ocrx_word' id='word_1_298' title='bbox 999 2178 1045 2232; x_wconf 76' lang='lat' dir='ltr'>Ra</span> <span class='ocrx_word' id='word_1_299' title='bbox 1058 2199 1163 2248; x_wconf 90' lang='lat' dir='ltr'>quoque</span> <span class='ocrx_word' id='word_1_300' title='bbox 1174 2184 1238 2232; x_wconf 89' lang='lat' dir='ltr'>Bis-</span> 
     </span>
     <span class='ocr_line' id='line_1_59' title="bbox 727 2254 1238 2326; baseline 0.012 -20"><span class='ocrx_word' id='word_1_301' title='bbox 727 2259 795 2307; x_wconf 85' lang='lat' dir='ltr'>tonis</span> <span class='ocrx_word' id='word_1_302' title='bbox 807 2256 888 2321; x_wconf 91' lang='lat' dir='ltr'>lacus,</span> <span class='ocrx_word' id='word_1_303' title='bbox 907 2254 938 2308; x_wconf 88' lang='lat' dir='ltr'>ad</span> <span class='ocrx_word' id='word_1_304' title='bbox 952 2275 1032 2324; x_wconf 89' lang='lat' dir='ltr'>quem</span> <span class='ocrx_word' id='word_1_305' title='bbox 1050 2256 1158 2326; x_wconf 87' lang='lat' dir='ltr'>alludit,</span> <span class='ocrx_word' id='word_1_306' title='bbox 1176 2277 1238 2312; x_wconf 88' lang='lat' dir='ltr'>eum</span> 
     </span>
     <span class='ocr_line' id='line_1_60' title="bbox 728 2331 1239 2405; baseline 0.01 -21"><span class='ocrx_word' id='word_1_307' title='bbox 728 2331 790 2385; x_wconf 84' lang='lat' dir='ltr'>dicit</span> <span class='ocrx_word' id='word_1_308' title='bbox 799 2354 805 2395; x_wconf 70' lang='grc' dir='ltr'><strong>ς</strong></span> <span class='ocrx_word' id='word_1_309' title='bbox 816 2335 936 2386; x_wconf 69' lang='lat' dir='ltr'>Bistonia</span> <span class='ocrx_word' id='word_1_310' title='bbox 943 2338 1052 2386; x_wconf 83' lang='lat' dir='ltr'>membra</span> <span class='ocrx_word' id='word_1_311' title='bbox 1058 2339 1157 2387; x_wconf 72' lang='lat' dir='ltr'>lavabis</span> <span class='ocrx_word' id='word_1_312' title='bbox 1163 2356 1239 2405; x_wconf 84' lang='lat' dir='ltr'>aqna.</span> 
     </span>
    </p>

    <p class='ocr_par' dir='ltr' id='par_1_12' title="bbox 729 2412 1241 3103">
     <span class='ocr_line' id='line_1_61' title="bbox 761 2412 1239 2481; baseline 0.015 -21"><span class='ocrx_word' id='word_1_313' title='bbox 761 2430 801 2481; x_wconf 77' lang='lat'>9¹·</span> <span class='ocrx_word' id='word_1_314' title='bbox 818 2412 869 2461; x_wconf 85' lang='lat' dir='ltr'>Illa</span> <span class='ocrx_word' id='word_1_315' title='bbox 883 2417 946 2463; x_wconf 72' lang='lat' dir='ltr'>men</span> <span class='ocrx_word' id='word_1_316' title='bbox 962 2415 1042 2465; x_wconf 84' lang='lat' dir='ltr'>ocutis</span> <span class='ocrx_word' id='word_1_317' title='bbox 1058 2422 1107 2466; x_wconf 86' lang='lat' dir='ltr'>etc.</span> <span class='ocrx_word' id='word_1_318' title='bbox 1125 2413 1195 2479; x_wconf 82' lang='lat' dir='ltr'>Hic,</span> <span class='ocrx_word' id='word_1_319' title='bbox 1212 2424 1239 2467; x_wconf 90' lang='lat' dir='ltr'>et</span> 
     </span>
     <span class='ocr_line' id='line_1_62' title="bbox 730 2488 1238 2559; baseline 0.01 -21"><span class='ocrx_word' id='word_1_320' title='bbox 730 2488 773 2554; x_wconf 90' lang='lat' dir='ltr'>qui</span> <span class='ocrx_word' id='word_1_321' title='bbox 781 2500 928 2556; x_wconf 86' lang='lat' dir='ltr'>sequuntur</span> <span class='ocrx_word' id='word_1_322' title='bbox 935 2508 1023 2542; x_wconf 85' lang='lat' dir='ltr'>versus</span> <span class='ocrx_word' id='word_1_323' title='bbox 1030 2529 1037 2555; x_wconf 92' lang='lat'>,</span> <span class='ocrx_word' id='word_1_324' title='bbox 1045 2489 1076 2541; x_wconf 89' lang='lat' dir='ltr'>ad</span> <span class='ocrx_word' id='word_1_325' title='bbox 1088 2508 1133 2542; x_wconf 78' lang='lat'>102</span> <span class='ocrx_word' id='word_1_326' title='bbox 1140 2510 1238 2559; x_wconf 90' lang='lat' dir='ltr'>usque,</span> 
     </span>
     <span class='ocr_line' id='line_1_63' title="bbox 729 2565 1239 2634; baseline 0.008 -18"><span class='ocrx_word' id='word_1_327' title='bbox 729 2565 821 2617; x_wconf 86' lang='lat' dir='ltr'>molles</span> <span class='ocrx_word' id='word_1_328' title='bbox 837 2566 872 2618; x_wconf 86' lang='lat' dir='ltr'>ita</span> <span class='ocrx_word' id='word_1_329' title='bbox 890 2565 978 2619; x_wconf 87' lang='lat' dir='ltr'>fluunt</span> <span class='ocrx_word' id='word_1_330' title='bbox 994 2577 1021 2620; x_wconf 90' lang='lat' dir='ltr'>et</span> <span class='ocrx_word' id='word_1_331' title='bbox 1037 2569 1191 2634; x_wconf 85' lang='lat' dir='ltr'>numerosi,</span> <span class='ocrx_word' id='word_1_332' title='bbox 1210 2579 1239 2620; x_wconf 90' lang='lat' dir='ltr'>ut</span> 
     </span>
     <span class='ocr_line' id='line_1_64' title="bbox 730 2642 1241 2714; baseline 0.008 -20"><span class='ocrx_word' id='word_1_333' title='bbox 730 2662 821 2694; x_wconf 92' lang='lat' dir='ltr'>aurem</span> <span class='ocrx_word' id='word_1_334' title='bbox 837 2642 1023 2712; x_wconf 76' lang='lat' dir='ltr'>jucundissima</span> <span class='ocrx_word' id='word_1_335' title='bbox 1038 2644 1189 2714; x_wconf 88' lang='lat' dir='ltr'>voluptate,</span> <span class='ocrx_word' id='word_1_336' title='bbox 1214 2655 1241 2698; x_wconf 86' lang='lat' dir='ltr'>et</span> 
     </span>
     <span class='ocr_line' id='line_1_65' title="bbox 730 2721 1240 2776; baseline 0.004 -4"><span class='ocrx_word' id='word_1_337' title='bbox 730 2721 825 2773; x_wconf 80' lang='lat' dir='ltr'>affectu</span> <span class='ocrx_word' id='word_1_338' title='bbox 854 2721 999 2773; x_wconf 88' lang='lat' dir='ltr'>tenerrimo</span> <span class='ocrx_word' id='word_1_339' title='bbox 1022 2721 1140 2775; x_wconf 85' lang='lat' dir='ltr'>animum</span> <span class='ocrx_word' id='word_1_340' title='bbox 1162 2722 1240 2776; x_wconf 88' lang='lat' dir='ltr'>simul</span> 
     </span>
     <span class='ocr_line' id='line_1_66' title="bbox 730 2796 1241 2868; baseline 0.004 -18"><span class='ocrx_word' id='word_1_341' title='bbox 730 2797 899 2866; x_wconf 75' lang='lat' dir='ltr'>perfundant.</span> <span class='ocrx_word' id='word_1_342' title='bbox 911 2797 983 2852; x_wconf 89' lang='lat' dir='ltr'>Nihil</span> <span class='ocrx_word' id='word_1_343' title='bbox 994 2796 1050 2864; x_wconf 90' lang='lat' dir='ltr'>hic,</span> <span class='ocrx_word' id='word_1_344' title='bbox 1064 2799 1134 2868; x_wconf 84' lang='lat' dir='ltr'>quod</span> <span class='ocrx_word' id='word_1_345' title='bbox 1146 2799 1241 2854; x_wconf 91' lang='lat' dir='ltr'>intem·</span> 
     </span>
     <span class='ocr_line' id='line_1_67' title="bbox 731 2875 1240 2947; baseline 0.002 -19"><span class='ocrx_word' id='word_1_346' title='bbox 731 2876 827 2945; x_wconf 88' lang='lat' dir='ltr'>pestive</span> <span class='ocrx_word' id='word_1_347' title='bbox 840 2875 969 2930; x_wconf 83' lang='lat' dir='ltr'>luxuriet:</span> <span class='ocrx_word' id='word_1_348' title='bbox 981 2877 1070 2930; x_wconf 89' lang='lat' dir='ltr'>omnia</span> <span class='ocrx_word' id='word_1_349' title='bbox 1083 2878 1150 2932; x_wconf 86' lang='lat' dir='ltr'>dicas</span> <span class='ocrx_word' id='word_1_350' title='bbox 1162 2878 1240 2947; x_wconf 89' lang='lat' dir='ltr'>pleno</span> 
     </span>
     <span class='ocr_line' id='line_1_68' title="bbox 731 2957 1241 3023; baseline 0.002 -18"><span class='ocrx_word' id='word_1_351' title='bbox 731 2973 746 3006; x_wconf 85' lang='lat' dir='ltr'>e</span> <span class='ocrx_word' id='word_1_352' title='bbox 759 2965 863 3023; x_wconf 90' lang='lat' dir='ltr'>pectore</span> <span class='ocrx_word' id='word_1_353' title='bbox 875 2973 991 3007; x_wconf 82' lang='lat' dir='ltr'>manare.</span> <span class='ocrx_word' id='word_1_354' title='bbox 1007 2983 1041 2994; x_wconf 94' lang='lat'>—</span> <span class='ocrx_word' id='word_1_355' title='bbox 1058 2957 1173 3009; x_wconf 70' lang='lat' dir='ltr'>Abeunt·</span> <span class='ocrx_word' id='word_1_356' title='bbox 1199 2960 1241 3006; x_wconf 84' lang='lat' dir='ltr'>in-</span> 
     </span>
     <span class='ocr_line' id='line_1_69' title="bbox 731 2975 1210 3103; baseline -0.006 -19"><span class='ocrx_word' id='word_1_357' title='bbox 731 3035 816 3084; x_wconf 78' lang='lat' dir='ltr'>heret.</span> <span class='ocrx_word' id='word_1_358' title='bbox 828 3031 868 3084; x_wconf 90' lang='lat' dir='ltr'>lta</span> <span class='ocrx_word' id='word_1_359' title='bbox 880 3032 1021 3102; x_wconf 81' lang='lat' dir='ltr'>legendum</span> <span class='ocrx_word' id='word_1_360' title='bbox 1034 3034 1081 3103; x_wconf 88' lang='lat' dir='ltr'>Ep.</span> <span class='ocrx_word' id='word_1_361' title='bbox 1094 3050 1150 3098; x_wconf 83' lang='lat' dir='ltr'>vn,</span> <span class='ocrx_word' id='word_1_362' title='bbox 1159 2975 1210 3084; x_wconf 75' lang='lat' dir='ltr'>lt:</span> 
     </span>
    </p>
   </div>
   <div class='ocr_carea' id='block_1_7' title="bbox 732 3122 1174 3173">
    <p class='ocr_par' dir='ltr' id='par_1_13' title="bbox 732 3122 1174 3173">
     <span class='ocr_line' id='line_1_70' title="bbox 732 3122 1174 3173; baseline -0.009 -12"><span class='ocrx_word' id='word_1_363' title='bbox 732 3123 802 3161; x_wconf 70' lang='lat' dir='ltr'>Rae-s</span> <span class='ocrx_word' id='word_1_364' title='bbox 813 3122 874 3160; x_wconf 80' lang='lat' dir='ltr'>oculis</span> <span class='ocrx_word' id='word_1_365' title='bbox 885 3135 960 3172; x_wconf 82' lang='lat' dir='ltr'>semper</span> <span class='ocrx_word' id='word_1_366' title='bbox 971 3123 1071 3173; x_wconf 66' lang='lat' dir='ltr'>vigilantis</span> <span class='ocrx_word' id='word_1_367' title='bbox 1083 3124 1174 3160; x_wconf 65' lang='lat' dir='ltr'>intrares.</span> 
     </span>
    </p>
   </div>
   <div class='ocr_carea' id='block_1_8' title="bbox 734 3191 1192 3266">
    <p class='ocr_par' dir='ltr' id='par_1_14' title="bbox 734 3191 1192 3266">
     <span class='ocr_line' id='line_1_71' title="bbox 734 3191 1192 3266; baseline -0.013 -18"><span class='ocrx_word' id='word_1_368' title='bbox 734 3195 770 3248; x_wconf 83' lang='lat' dir='ltr'>Et</span> <span class='ocrx_word' id='word_1_369' title='bbox 782 3195 863 3248; x_wconf 83' lang='lat' dir='ltr'>Trist.</span> <span class='ocrx_word' id='word_1_370' title='bbox 877 3211 920 3260; x_wconf 85' lang='lat' dir='ltr'>tv,</span> <span class='ocrx_word' id='word_1_371' title='bbox 936 3210 984 3262; x_wconf 79' lang='grc' dir='ltr'>ιιι,</span> <span class='ocrx_word' id='word_1_372' title='bbox 1001 3215 1044 3266; x_wconf 78' lang='lat'>19,</span> <span class='ocrx_word' id='word_1_373' title='bbox 1057 3213 1088 3246; x_wconf 83' lang='lat' dir='ltr'>ex</span> <span class='ocrx_word' id='word_1_374' title='bbox 1100 3191 1192 3245; x_wconf 86' lang='lat' dir='ltr'>MSS:</span> 
     </span>
    </p>
   </div>
   <div class='ocr_carea' id='block_1_9' title="bbox 733 3280 1230 3334">
    <p class='ocr_par' dir='ltr' id='par_1_15' title="bbox 733 3280 1230 3334">
     <span class='ocr_line' id='line_1_72' title="bbox 733 3280 1230 3334; baseline -0.02 -8"><span class='ocrx_word' id='word_1_375' title='bbox 733 3286 827 3326; x_wconf 60' lang='lat' dir='ltr'>vultibus</span> <span class='ocrx_word' id='word_1_376' title='bbox 836 3286 868 3322; x_wconf 85' lang='lat' dir='ltr'>illa</span> <span class='ocrx_word' id='word_1_377' title='bbox 879 3286 918 3323; x_wconf 85' lang='lat' dir='ltr'>tuis</span> <span class='ocrx_word' id='word_1_378' title='bbox 928 3293 1026 3334; x_wconf 72' lang='lat' dir='ltr'>tamqm</span> <span class='ocrx_word' id='word_1_379' title='bbox 1034 3280 1230 3332; x_wconf 77' lang='lat' dir='ltr'>pmentivinleoeret.</span> 
     </span>
    </p>
   </div>
   <div class='ocr_carea' id='block_1_10' title="bbox 733 3353 1247 4199">
    <p class='ocr_par' dir='ltr' id='par_1_16' title="bbox 733 3353 1246 3658">
     <span class='ocr_line' id='line_1_73' title="bbox 734 3353 1245 3427; baseline -0.018 -14"><span class='ocrx_word' id='word_1_380' title='bbox 734 3359 841 3413; x_wconf 84' lang='lat' dir='ltr'>Rectius</span> <span class='ocrx_word' id='word_1_381' title='bbox 857 3359 937 3411; x_wconf 88' lang='lat' dir='ltr'>etiam</span> <span class='ocrx_word' id='word_1_382' title='bbox 950 3358 1097 3427; x_wconf 81' lang='lat' dir='ltr'>legeretur,</span> <span class='ocrx_word' id='word_1_383' title='bbox 1117 3353 1166 3404; x_wconf 88' lang='lat' dir='ltr'>illa</span> <span class='ocrx_word' id='word_1_384' title='bbox 1181 3356 1245 3404; x_wconf 62' lang='lat' dir='ltr'>meris</span> 
     </span>
     <span class='ocr_line' id='line_1_74' title="bbox 733 3430 1244 3506; baseline -0.023 -15"><span class='ocrx_word' id='word_1_385' title='bbox 733 3444 831 3506; x_wconf 65' lang='lat' dir='ltr'>spectes</span> <span class='ocrx_word' id='word_1_386' title='bbox 839 3440 926 3489; x_wconf 83' lang='lat' dir='ltr'>ocutr&#39;s.</span> <span class='ocrx_word' id='word_1_387' title='bbox 935 3436 1034 3487; x_wconf 75' lang='lat' dir='ltr'>Hutns.</span> <span class='ocrx_word' id='word_1_388' title='bbox 1041 3430 1108 3482; x_wconf 88' lang='lat' dir='ltr'>Vell.</span> <span class='ocrx_word' id='word_1_389' title='bbox 1114 3430 1201 3482; x_wconf 90' lang='lat' dir='ltr'>Pater.</span> <span class='ocrx_word' id='word_1_390' title='bbox 1206 3443 1229 3480; x_wconf 89' lang='lat'>11</span> <span class='ocrx_word' id='word_1_391' title='bbox 1237 3469 1244 3496; x_wconf 87' lang='lat'>,</span> 
     </span>
     <span class='ocr_line' id='line_1_75' title="bbox 735 3511 1246 3585; baseline -0.014 -18"><span class='ocrx_word' id='word_1_392' title='bbox 735 3518 775 3585; x_wconf 85' lang='lat'>37.</span> <span class='ocrx_word' id='word_1_393' title='bbox 787 3518 855 3567; x_wconf 81' lang='lat' dir='ltr'>Perre</span> <span class='ocrx_word' id='word_1_394' title='bbox 864 3518 944 3566; x_wconf 84' lang='lat' dir='ltr'>stulta</span> <span class='ocrx_word' id='word_1_395' title='bbox 952 3516 995 3563; x_wconf 86' lang='lat' dir='ltr'>est</span> <span class='ocrx_word' id='word_1_396' title='bbox 1002 3511 1175 3562; x_wconf 70' lang='lat' dir='ltr'>inherentsism</span> <span class='ocrx_word' id='word_1_397' title='bbox 1184 3527 1246 3560; x_wconf 84' lang='lat' dir='ltr'>ocu-</span> 
     </span>
     <span class='ocr_line' id='line_1_76' title="bbox 736 3590 1105 3658; baseline -0.022 -15"><span class='ocrx_word' id='word_1_398' title='bbox 736 3596 769 3645; x_wconf 88' lang='lat' dir='ltr'>tis</span> <span class='ocrx_word' id='word_1_399' title='bbox 780 3596 933 3658; x_wconf 67' lang='lat' dir='ltr'>ingestionem</span> <span class='ocrx_word' id='word_1_400' title='bbox 944 3590 1105 3640; x_wconf 74' lang='lat' dir='ltr'>enumeratio.</span> 
     </span>
    </p>

    <p class='ocr_par' dir='ltr' id='par_1_17' title="bbox 738 3663 1247 4121">
     <span class='ocr_line' id='line_1_77' title="bbox 778 3663 1246 3741; baseline -0.009 -20"><span class='ocrx_word' id='word_1_401' title='bbox 778 3670 817 3741; x_wconf 78' lang='lat'>93.</span> <span class='ocrx_word' id='word_1_402' title='bbox 842 3668 970 3720; x_wconf 72' lang='lat' dir='ltr'>Amantes.</span> <span class='ocrx_word' id='word_1_403' title='bbox 994 3665 1104 3716; x_wconf 76' lang='lat' dir='ltr'>Amasti</span> <span class='ocrx_word' id='word_1_404' title='bbox 1120 3663 1246 3732; x_wconf 80' lang='lat' dir='ltr'>conjece-</span> 
     </span>
     <span class='ocr_line' id='line_1_78' title="bbox 738 3741 1246 3815; baseline -0.014 -15"><span class='ocrx_word' id='word_1_405' title='bbox 738 3766 805 3809; x_wconf 87' lang='lat' dir='ltr'>ram;</span> <span class='ocrx_word' id='word_1_406' title='bbox 816 3756 893 3815; x_wconf 85' lang='lat' dir='ltr'>atque</span> <span class='ocrx_word' id='word_1_407' title='bbox 902 3745 936 3796; x_wconf 88' lang='lat' dir='ltr'>ita</span> <span class='ocrx_word' id='word_1_408' title='bbox 943 3741 1092 3795; x_wconf 84' lang='lat' dir='ltr'>chartaceus</span> <span class='ocrx_word' id='word_1_409' title='bbox 1097 3741 1246 3796; x_wconf 83' lang='lat' dir='ltr'>Vossianus.</span> 
     </span>
     <span class='ocr_line' id='line_1_79' title="bbox 738 3820 1247 3888; baseline -0.014 -10"><span class='ocrx_word' id='word_1_410' title='bbox 738 3826 850 3878; x_wconf 88' lang='lat' dir='ltr'>Metam.</span> <span class='ocrx_word' id='word_1_411' title='bbox 874 3838 921 3888; x_wconf 81' lang='lat' dir='ltr'>lx,</span> <span class='ocrx_word' id='word_1_412' title='bbox 943 3821 1011 3888; x_wconf 72' lang='lat'>602,</span> <span class='ocrx_word' id='word_1_413' title='bbox 1032 3831 1062 3874; x_wconf 88' lang='lat' dir='ltr'>ut</span> <span class='ocrx_word' id='word_1_414' title='bbox 1080 3820 1247 3875; x_wconf 80' lang='lat' dir='ltr'>scribendum</span> 
     </span>
     <span class='ocr_line' id='line_1_80' title="bbox 739 3913 822 3974; baseline -0.024 -18"><span class='ocrx_word' id='word_1_415' title='bbox 739 3913 803 3974; x_wconf 92' lang='lat' dir='ltr'>puto</span> <span class='ocrx_word' id='word_1_416' title='bbox 815 3921 822 3954; x_wconf 69' lang='grc' dir='ltr'><strong><em>τ</em></strong></span> 
     </span>
     <span class='ocr_line' id='line_1_81' title="bbox 740 3991 1209 4044; baseline -0.011 -12"><span class='ocrx_word' id='word_1_417' title='bbox 740 3993 826 4032; x_wconf 74' lang='lat' dir='ltr'>Vidisset</span> <span class='ocrx_word' id='word_1_418' title='bbox 833 3993 942 4044; x_wconf 70' lang='lat' dir='ltr'>lacrymas,</span> <span class='ocrx_word' id='word_1_419' title='bbox 951 3991 1018 4031; x_wconf 84' lang='lat' dir='ltr'>vultus</span> <span class='ocrx_word' id='word_1_420' title='bbox 1027 3991 1108 4033; x_wconf 79' lang='lat' dir='ltr'>vidisset</span> <span class='ocrx_word' id='word_1_421' title='bbox 1116 3999 1209 4033; x_wconf 76' lang='lat' dir='ltr'>mutes.</span> 
     </span>
     <span class='ocr_line' id='line_1_82' title="bbox 742 4065 969 4121; baseline -0.009 0"><span class='ocrx_word' id='word_1_422' title='bbox 742 4065 845 4121; x_wconf 90' lang='lat' dir='ltr'>Contra</span> <span class='ocrx_word' id='word_1_423' title='bbox 855 4067 922 4120; x_wconf 85' lang='lat' dir='ltr'>Fast.</span> <span class='ocrx_word' id='word_1_424' title='bbox 932 4081 969 4119; x_wconf 78' lang='grc' dir='ltr'>ιι.</span> 
     </span>
    </p>

    <p class='ocr_par' dir='ltr' id='par_1_18' title="bbox 768 4155 1221 4199">
     <span class='ocr_line' id='line_1_83' title="bbox 768 4155 1221 4199; baseline -0.011 -4"><span class='ocrx_word' id='word_1_425' title='bbox 768 4185 785 4196; x_wconf 85' lang='lat'>..</span> <span class='ocrx_word' id='word_1_426' title='bbox 793 4184 798 4195; x_wconf 88' lang='lat'>.</span> <span class='ocrx_word' id='word_1_427' title='bbox 807 4157 880 4196; x_wconf 73' lang='lat' dir='ltr'>vuius</span> <span class='ocrx_word' id='word_1_428' title='bbox 889 4157 984 4198; x_wconf 78' lang='lat' dir='ltr'>velamine</span> <span class='ocrx_word' id='word_1_429' title='bbox 992 4159 1041 4199; x_wconf 76' lang='lat' dir='ltr'>eetn</span> <span class='ocrx_word' id='word_1_430' title='bbox 1050 4165 1130 4196; x_wconf 76' lang='lat' dir='ltr'>enetos.</span> <span class='ocrx_word' id='word_1_431' title='bbox 1144 4155 1221 4193; x_wconf 70' lang='lat' dir='ltr'>Hstttt·</span> 
     </span>
    </p>
   </div>
   <div class='ocr_carea' id='block_1_11' title="bbox 0 0 1423 4696">
    <p class='ocr_par' dir='ltr' id='par_1_19' title="bbox 0 0 1423 4696">
     <span class='ocr_line' id='line_1_84' title="bbox 0 0 1423 4696; baseline 0 0"><span class='ocrx_word' id='word_1_432' title='bbox 0 0 1423 4696; x_wconf 95' lang='lat' dir='ltr'> </span> 
     </span>
    </p>
   </div>
  </div>
 </body>
</html>
