2754 5160
154 773 220 859 loa
453 765 912 835 PRAEFATIUNCULA.

153 912 355 1003 scaligerum
363 955 375 990 ,
389 916 424 973 et
436 905 532 985 alios,
545 908 672 973 Ileinsii
688 917 723 972 et
735 904 918 974 Burmanni
931 900 1120 971 studiosam
1129 928 1220 998 saga·

151 1030 286 1094 citatem
312 1033 494 1106 exercerct3
520 1020 579 1086 sed
604 1044 671 1086 non
701 1045 762 1102 ea,
791 1045 858 1111 qua
882 1018 1015 1102 solent,
1046 1017 1216 1089 felicitate.

154 1147 379 1210 Burmannum
393 1139 576 1229 presertim
590 1137 645 1202 hic
662 1156 722 1227 ego
738 1137 793 1201 vir
812 1155 969 1225 agnosm,
998 1136 1059 1227 qui
1079 1146 1171 1201 totns
1184 1138 1218 1203 ia

153 1250 406 1332 effundendam,
421 1276 485 1342 qua
498 1263 622 1331 tumet,
641 1248 765 1330 bilem,
785 1247 1057 1315 nauseabundam
1068 1251 1220 1318 caminis

152 1370 250 1453 hujus
277 1367 588 1434 commentationem
613 1363 855 1431 ultramodum
881 1387 1017 1431 omnem
1043 1389 1082 1431 ee
1108 1379 1218 1434 mente

152 1481 328 1576 produxit,
338 1493 376 1546 ut
386 1479 533 1547 dicteriis
543 1480 710 1547 Clericum
723 1481 898 1546 incesseret
908 1483 916 1513 ¹
926 1529 937 1561 ,
946 1478 1117 1547 Editionis
1125 1505 1219 1547 ream

151 1597 387 1675 Albinovauae,
410 1619 481 1687 quse
494 1591 736 1659 Amstelsedami
748 1592 892 1686 prodiit,
911 1596 950 1662 F
947 1617 1043 1660 orosa
1056 1617 1159 1686 quam
1169 1593 1221 1661 di-

153 1724 232 1779 cunt
248 1712 394 1785 Octava,
416 1732 518 1800 1702,
534 1709 700 1774 etiterum
716 1711 816 1798 1718,
829 1705 890 1772 snb
905 1707 1078 1775 Theodori
1089 1707 1222 1777 Goralti

152 1827 288 1892 nomine
301 1831 337 1905 ²,
361 1847 437 1888 cum
456 1820 614 1912 Scaligeri
634 1833 668 1887 et
683 1823 812 1902 Heinsii
826 1823 935 1902 notis,
952 1821 1075 1912 quibua
1095 1835 1130 1889 et
1145 1845 1219 1889 sues

152 1938 327 2022 adjecerat.
344 1936 413 2003 Nec
425 1947 541 2001 cuncta
553 1947 642 2002 certe
654 1934 826 2027 probanda
839 1938 874 2000 in
885 1935 947 2000 hac
960 1933 1129 2017 editione,
1145 1961 1218 2029 quae

152 2074 401 2146 preproperum
418 2052 454 2116 in
471 2047 608 2115 edendis
620 2048 775 2142 operibus
787 2047 952 2116 editorem
962 2052 1092 2140 arguit3
1109 2074 1220 2143 neque

154 2170 223 2237 laus
249 2169 362 2258 ingens
381 2169 570 2233 Burmanno
593 2164 782 2254 frequentes
806 2165 841 2227 in
858 2165 1039 2256 interprete
1059 2188 1217 2248 errores,

154 2295 209 2348 aut
223 2281 390 2347 memorie
404 2278 514 2370 lapsus
530 2275 786 2369 deprehendisse
798 2307 808 2365 ;
826 2278 879 2343 cui
893 2280 982 2343 enim
994 2280 1219 2370 interpretum

153 2396 218 2463 talc
234 2394 319 2460 nihil
333 2390 510 2486 aliquando
526 2391 669 2472 effluxit,
699 2415 803 2482 quum
820 2415 881 2457 nec
898 2390 1040 2483 Scaliger
1055 2392 1214 2484 quidem,

154 2536 216 2581 uec
237 2510 392 2576 Heinsius
409 2509 501 2599 ipse,
532 2506 666 2572 omnino
688 2530 722 2571 se
742 2509 994 2573 Burmannianae
1013 2507 1128 2575 lerulae
1141 2508 1218 2575 sub-

156 2622 336 2691 duxerint?
351 2621 419 2690 Sed
429 2621 559 2711 gravius
571 2622 607 2684 in
619 2621 747 2701 virum,
763 2621 820 2711 qui
836 2598 1074 2712 mn'gistramse
1087 2625 1123 2689 in
1134 2622 1216 2693 Arte

159 2742 278 2810 Cretica
292 2735 537 2829 profitebatur,
554 2747 745 2825 peccaverat
759 2738 919 2828 scriptor,
937 2740 1016 2828 qui,
1032 2737 1117 2805 dum
1131 2741 1216 2806 Artis

155 2857 253 2939 hujus
268 2850 500 2931 fundamenta,
517 2849 643 2940 regulas
657 2860 691 2915 et
708 2848 789 2916 lines
803 2848 1025 2934 describeret,
1050 2856 1148 2920 certis
1160 2854 1217 2939 eli·¹

158 2982 240 3062 quot
262 2970 361 3058 signis
387 2967 538 3032 homines
563 2989 640 3032 vere
672 2964 817 3032 eruditos
841 2967 881 3032 ob
905 2967 970 3033 illis
999 2967 1211 3050 discreverat,

158 3087 216 3172 qui
232 3108 313 3148 vana
327 3093 456 3146 tanturn
471 3079 648 3146 verborum
664 3083 902 3164 ostentatione,
922 3082 976 3149 vel
991 3085 1135 3150 locorum
1150 3109 1212 3176 ep·

157 3209 274 3287 parmu
286 3197 366 3259 hinc
382 3195 542 3274 stillim,
559 3207 659 3285 prout
673 3219 742 3262 sese
756 3195 899 3262 offerunt
906 3246 916 3278 ,
936 3212 1139 3284 coactorum3
1160 3198 1214 3265 vel

158 3307 425 3376 emendationum
438 3307 593 3390 licentia,
610 3308 722 3377 lucum
744 3312 864 3401 ignaris
884 3311 1026 3395 faciunt,
1042 3313 1212 3379 mentitam

195 3501 205 3529 ¹
222 3496 291 3548 Jean
308 3494 346 3545 le
359 3495 442 3554 clerc,
454 3490 533 3545 latine
547 3491 678 3559 Clericus,
690 3504 765 3549 natus
777 3506 832 3548 erat
844 3494 979 3565 Genevae,
997 3499 1030 3550 A.
1043 3499 1078 3552 Ι).
1091 3500 1157 3569 1555.
1166 3500 1211 3553 Vir

158 3586 207 3640 suit
224 3584 379 3638 doctrines
397 3583 494 3636 teneris
508 3592 562 3636 tarn
578 3585 716 3637 immodice
732 3586 856 3654 rupidus,
876 3598 906 3639 ut
921 3590 1000 3641 saeris
1018 3589 1095 3643 simul
1109 3602 1135 3643 et
1149 3610 1210 3659 pro-

158 3676 225 3730 snnis
240 3675 320 3729 literis
336 3693 444 3743 operam
457 3673 636 3742 impenderet3
650 3686 677 3727 et
687 3693 740 3743 quo
752 3686 869 3745 tempore
886 3678 1027 3748 scriptores
1043 3701 1128 3736 saeros
1143 3682 1211 3735 illus·

159 3777 258 3833 traret,
272 3775 317 3817 aut
329 3765 406 3817 rebus
418 3763 567 3834 theologicis
581 3774 697 3830 vacaret,
719 3764 824 3819 Graecos
838 3777 864 3819 et
877 3767 983 3823 Latinos
1003 3783 1125 3826 auctores
1137 3773 1212 3827 susti·

161 3868 234 3926 peret
266 3852 494 3924 interpretandos,
523 3865 549 3906 et
580 3853 733 3922 questiones
755 3855 918 3926 philologicos
945 3860 1017 3914 viros
1039 3863 1110 3917 inter
1135 3863 1213 3917 docto

161 3955 287 4000 moveret.
308 3943 388 3998 Unde
403 3945 526 3997 ellectum
545 3954 601 4009 est,
623 3954 652 3997 ut
667 3964 728 3997 raro
744 3947 914 4002 festinationis
932 3950 1029 4004 vitium
1041 3954 1070 4006 in
1086 3954 1214 4009 scribendo

160 4037 298 4108 effugerit3
321 4047 347 4089 et
363 4034 489 4088 secundos
508 4045 610 4087 tantum
625 4044 728 4101 teneat,
749 4037 792 4105 qui
809 4038 904 4106 primas
922 4052 1011 4109 partes
1029 4045 1057 4096 in
1069 4057 1128 4099 erte
1140 4047 1214 4100 nitio

163 4129 287 4196 potuisset
305 4126 430 4180 obtinere.
447 4124 522 4178 Obiit
537 4124 743 4192 narrentani,
756 4115 786 4180 n.
803 4145 833 4180 n.
847 4145 994 4185 occxxxrr.
1016 4133 1145 4205 Operum
1160 4137 1214 4190 illu

165 4217 319 4288 Cstnlogus,
331 4237 395 4287 opus
406 4216 477 4286 ipae,
491 4214 559 4285 quod
572 4215 751 4286 bibliographis
762 4219 965 4288 relinquendum
978 4224 1078 4292 judico.

196 4315 207 4340 ²
228 4311 354 4361 Theodon'
368 4310 474 4361 Goralli.
492 4305 561 4374 Quae
574 4326 649 4361 voces
659 4319 719 4361 sunt
730 4310 843 4362 nominis
854 4313 912 4379 ejus
921 4324 948 4366 et
960 4319 1137 4384 prenomini's
1148 4319 1215 4371 inter·

164 4397 338 4463 pretationes;
364 4399 400 4450 ita
419 4408 448 4450 ut
466 4415 617 4466 prenomen
634 4397 740 4466 quidem
760 4399 922 4456 llebraicum
941 4405 975 4458 sit
995 4427 1082 4478 grece,
1102 4424 1214 4469 versum

164 4503 264 4539 nomen
280 4507 343 4541 vero
357 4489 496 4554 Gratum,
514 4488 644 4543 Heba-aia
654 4508 717 4544 voce
732 4508 888 4560 expressum.
