2790 4696
207 1060 624 1169 HIPPOLYTI
661 1059 757 1166 ΑΙ)
800 1059 1188 1168 PHAEDRAM

561 1349 835 1420 rrsrousro,

168 1596 480 1684 SIDRONIO
516 1597 841 1685 HOSSCHIO
876 1598 1229 1685 AUCTORE*

194 1899 207 1924 *
219 1888 250 1942 P.
260 1885 408 1941 Burmanni
422 1884 570 1956 gravissima
581 1895 673 1940 aucto-
720 1885 801 1955 cripta
813 1883 963 1949 videbatur;
980 1894 1007 1938 et
1023 1903 1071 1954 per
1086 1885 1227 1937 verborum

162 1966 238 2019 ritate
246 1964 347 2020 inducti
360 1962 422 2031 (vid.
430 1973 486 2017 not.
496 1964 552 2017 init.
562 1964 671 2035 praeced.
720 1963 854 2032 ambages,
867 1960 908 2013 vel
919 1961 1029 2013 nimiam
1037 1961 1228 2015 sententiarum

163 2044 261 2113 Epist.)
273 2042 383 2113 legimus
394 2050 476 2095 etnos
486 2060 591 2112 quoque
602 2062 675 2110 egre-
722 2038 910 2107 frequentiam,
921 2039 987 2092 ultra
994 2036 1104 2091 modum
1117 2036 1230 2107 promis-

159 2127 228 2189 gae'am
240 2119 307 2173 lianc
325 2118 463 2190 Hippolyti
484 2118 516 2171 ad
531 2118 673 2173 Phtedram
721 2135 763 2183 ως
782 2138 838 2170 ιιοιι
856 2138 886 2171 ea
902 2117 1026 2184 tandem,
1042 2134 1100 2185 quae
1113 2116 1229 2185 primurn

164 2199 377 2268 responsionem
397 2194 493 2264 diuque
517 2196 577 2250 satis
592 2196 673 2251 hesi·
721 2194 792 2250 inter
803 2198 914 2252 auctoris
931 2196 1066 2250 Poematia
1083 2194 1169 2248 locum
1186 2194 1230 2247 ob·

164 2294 223 2327 mus
236 2274 323 2338 dubii,
341 2283 432 2325 utrum
446 2272 583 2326 Ouidiante
596 2273 674 2343 Epis-
722 2274 811 2328 tinent.
825 2274 919 2343 Quum
926 2275 978 2328 sint
987 2285 1075 2327 tamen
1086 2271 1230 2337 nonnulla,

165 2352 223 2405 toln
238 2350 427 2405 llosselrianam
445 2350 653 2419 appenderemus
664 2372 671 2416 ;
722 2370 780 2421 qun
793 2353 881 2405 tollere
890 2352 952 2405 velis
963 2363 989 2404 et
1000 2351 1094 2422 possis,
1105 2370 1160 2404 non
1170 2367 1230 2403 eam

165 2449 199 2482 an
209 2429 345 2499 indignam
356 2426 467 2479 omnino
480 2426 671 2495 judicaremus,
721 2430 811 2483 lectori
832 2428 1025 2496 invidebimus,
1047 2429 1229 2498 integramque

166 2525 223 2575 quoe
235 2504 333 2559 Nasoni
347 2523 435 2557 comes
448 2501 596 2556 adderetur.
612 2505 673 2556 Hoc
721 2506 787 2560 illius
798 2507 895 2575 iudicio
907 2508 1090 2575 permittimus.

166 2597 195 2639 ut
206 2586 365 2651 laceremus,
385 2583 551 2653 impellebat,
570 2603 620 2636 nec
637 2585 672 2634 ita
753 2587 836 2640 Natus
851 2595 908 2638 erat
933 2584 1038 2638 Sidron.
1062 2581 1229 2648 Hossclrius,

165 2682 272 2733 parum,
284 2663 333 2717 viri
340 2665 423 2729 sama,
433 2680 513 2731 quem
520 2661 584 2714 nulli
592 2660 672 2714 etatis
721 2662 808 2733 gallice
820 2666 933 2722 Horret,
947 2663 975 2715 in
990 2662 1096 2731 regione
1112 2658 1229 2727 lprensi,

165 2761 218 2796 suae
230 2745 298 2810 (quae
308 2752 396 2796 tamen
409 2741 577 2812 ingeniorum
583 2742 670 2807 seran,
721 2739 753 2793 Α.
769 2740 803 2794 Ι).
821 2741 900 2813 1595;
916 2740 1030 2810 Tungris
1043 2738 1123 2802 obiit,
1135 2737 1151 2802 4
1168 2753 1231 2803 sep-

136 2847 139 2853 1
165 2833 191 2874 et
211 2839 316 2889 poeseos
329 2820 415 2873 latinae
432 2818 524 2872 cultrix
537 2816 672 2870 studiosis·
720 2819 800 2874 temb.
821 2820 898 2887 1553,
916 2819 1062 2874 carminum
1082 2813 1158 2869 laude
1181 2812 1231 2865 cla·

166 2899 241 2962 sima)
251 2909 334 2968 poetae
346 2896 490 2951 secundum
502 2897 671 2951 Burmannus
720 2918 778 2965 rus;
794 2900 922 2953 virtutum
938 2901 1022 2964 sama,
1043 2896 1143 2951 clarior.
1157 2890 1230 2944 lilius

167 2976 329 3046 praedicabat.
345 2973 503 3028 Deterrebat
514 2993 577 3026 vero
594 2974 671 3045 ipsius
720 2996 800 3048 opera
811 2977 963 3047 Antuerpiae
975 2976 1091 3045 primum
1102 2971 1228 3049 collecta,

168 3054 289 3124 Epistola
296 3052 472 3118 mediocritas,
485 3070 542 3120 quae
548 3051 615 3124 stylo
626 3054 671 3108 Se·
723 3056 799 3121 1656,
816 3053 905 3108 denuo
924 3054 1006 3110 edidit
1021 3057 1136 3117 Barbara,
1150 3050 1228 3107 Pari-

166 3150 238 3188 necae
257 3132 355 3202 magis,
372 3149 452 3201 quam
469 3128 577 3198 Ovidii,
594 3149 672 3187 cons·
719 3133 776 3201 siis,
791 3133 861 3205 1723.
