2754 5160
161 767 228 852 384

486 768 757 838 nmsrouu
792 773 898 840 xxr.

210 881 371 956 Offensos
386 879 497 954 videar
511 909 552 957 ne
568 884 726 957 meruisse
743 884 846 959 Deos.

158 997 313 1071 Accidere
332 997 397 1069 hoc
414 994 533 1096 aliquis
549 1024 625 1069 casu
642 997 832 1089 contendit;
850 1017 884 1074 et
900 998 984 1076 alter

207 1114 391 1212 Acceptum
407 1111 649 1212 Superishunc
665 1131 765 1209 negat
782 1142 852 1189 esse
869 1115 987 1191 virum.
1199 1140 1228 1193 s·

160 1229 248 1301 Neve
265 1225 351 1300 nihil
367 1225 480 1301 credas
496 1226 532 1299 in
549 1243 581 1301 te
599 1255 734 1328 quoque
746 1225 852 1302 dicere
866 1226 1007 1318 famam,

207 1343 306 1414 Facta
322 1339 486 1415 veneficiis
504 1369 580 1442 pars
595 1358 692 1442 putat
708 1340 772 1416 ista
788 1343 864 1417 tuis.

163 1461 270 1534 Causa
289 1456 385 1546 latet;
400 1456 487 1531 mala
503 1475 618 1533 nostra
631 1475 771 1559 patent:
787 1487 848 1533 vos
863 1487 943 1561 paee
959 1461 1105 1566 movetis

207 1574 335 1673 Aspera
350 1571 508 1645 submota
523 1570 656 1672 praelia:
673 1570 804 1673 plector
820 1603 891 1671 ego.

160 1686 276 1760 Dicam
292 1714 398 1772 nune,
418 1684 584 1786 solitoque
603 1685 665 1760 tibi
681 1715 732 1761 me
751 1687 864 1789 decipe
879 1717 996 1763 more:
1193 1711 1228 1764 55

206 1802 301 1901 Quid
315 1802 413 1876 facies
432 1801 528 1890 odio,
546 1801 668 1876 sicubi
685 1832 795 1879 amore
811 1807 936 1879 noces?

159 1919 196 1992 Si
213 1917 304 1993 laedis
322 1919 413 2020 quod
428 1947 532 2006 amas,
549 1918 682 1993 hostem
698 1919 864 2021 sapienter
878 1918 1016 1994 amabis.

207 2037 281 2124 Me,
299 2063 432 2136 precor,
451 2051 491 2109 ut
505 2063 629 2122 serves,
647 2035 784 2135 perdere
799 2034 881 2111 velle
898 2033 989 2110 velis.

159 2153 230 2225 Aut
244 2151 307 2224 tibi
318 2151 384 2250 jam
401 2147 492 2224 nulla
504 2167 553 2225 est
571 2167 707 2251 speratae
722 2178 799 2223 cura
814 2147 950 2251 puellae,

208 2267 318 2362 Quam
333 2264 422 2339 serus
438 2262 573 2358 indigna
590 2263 666 2337 tabe
680 2263 787 2365 perire
805 2265 904 2351 sinis3

159 2385 229 2457 Aut
246 2384 317 2456 Dea
333 2382 361 2455 si
378 2381 500 2455 frustra
516 2408 579 2481 pro
596 2408 648 2452 me
663 2379 724 2452 tibi
740 2409 824 2454 sava
838 2398 989 2476 rogatur,

157 2575 354 2645 Etpudetrita,
373 2574 453 2644 Epist.
467 2589 543 2641 xvn,
560 2576 666 2644 1772Et
711 2574 785 2630 Ded.
806 2575 854 2628 338
872 2593 879 2628 ε
895 2576 989 2628 Πίσα
1009 2592 1078 2627 me
1093 2593 1143 2643 ego
1159 2578 1220 2639 Me,

156 2661 229 2716 libet,
242 2663 270 2708 el
280 2661 361 2708 tr'meo.

189 2735 228 2800 48.
256 2733 377 2801 Offensos
389 2735 479 2784 videar
492 2751 524 2784 ne
543 2735 663 2784 nemim

156 2813 235 2864 Deos.
263 2812 324 2865 Non
344 2821 382 2864 sat
399 2808 536 2864 commode
555 2808 662 2861 dictum.

155 2887 295 2941 Sententia
314 2899 403 2940 tamen
423 2897 488 2940 eet:
514 2905 549 2938 ne
574 2884 663 2938 videar

156 2965 228 3018 Deos
245 2965 401 3032 offendisse,
420 2975 464 3017 aut
478 2969 612 3023 meruisse,
633 2971 663 3014 ut

155 3054 241 3096 essent
257 3043 322 3095 mihi
340 3043 449 3110 offensi,
474 3060 539 3111 pro,
560 3040 662 3106 infensi.

191 3124 230 3170 51.
248 3123 317 3173 Neve
338 3123 403 3173 mihi
416 3122 513 3170 credas.
541 3117 662 3172 Omnino

155 3196 323 3249 scribendum
336 3216 343 3249 :

155 3276 211 3316 Nero
220 3275 269 3314 nihil
277 3277 342 3314 endu
350 3278 370 3314 in
378 3284 397 3314 te
404 3288 483 3327 qnoque
490 3276 553 3314 diotre
560 3275 640 3314 semum.

188 3353 227 3403 55.
242 3350 420 3412 De'camnuuc,
434 3351 556 3417 solitoque
566 3353 662 3401 tr'bime

155 3431 241 3497 decipe
248 3446 322 3481 more.
330 3427 441 3493 De'cjam
451 3446 516 3479 nunc
525 3424 661 3496 Crispinus

155 3506 315 3577 corrigebat,
326 3503 396 3574 quod
406 3504 427 3557 si
435 3503 612 3571 admittimus,
625 3504 661 3556 ita

154 3584 368 3656 distinguendum
380 3593 446 3637 emet
459 3603 465 3635 :

155 3679 192 3718 Die
200 3678 252 3728 jum,
260 3689 312 3715 nune
320 3675 416 3727 solitoque
423 3673 459 3712 tibi
469 3686 500 3711 me
508 3672 576 3724 deripe
582 3686 635 3713 more
640 3701 648 3722 ,

178 3750 233 3800 Quid
240 3749 300 3788 socier
307 3749 363 3796 odio,
371 3748 399 3786 eie
409 3747 442 3785 uui
449 3760 515 3786 emon
521 3747 593 3786 norm?

156 3822 209 3879 Sed
228 3823 319 3875 Douza
337 3820 437 3873 notavit
453 3820 609 3873 Petronium
625 3819 661 3872 ric

156 3921 259 3972 quoque
269 3899 372 3953 initium
381 3898 518 3952 sententie
526 3908 552 3950 et
559 3896 661 3967 periodi

155 3980 313 4052 auspicatum
326 3997 398 4044 esee,
412 3996 466 4046 cap.
481 3978 658 4048 129201’can3

154 4060 210 4126 vei,
228 4060 334 4111 narrabo
346 4059 406 4119 titi,
424 4056 597 4114 Adolescens,
609 4073 661 4121 pa-

153 4141 248 4207 ralysin
266 4154 334 4189 care.
359 4133 395 4186 Et
410 4133 438 4185 in
450 4131 659 4187 Declamationi-

155 4214 226 4279 bus,
253 4231 315 4281 quae
336 4231 391 4265 non
415 4209 482 4263 male
503 4208 543 4263 lroe
562 4210 659 4263 ultima

156 4289 277 4358 Epistola
295 4291 434 4356 referunt,
457 4306 524 4358 sepe
540 4287 582 4340 illa
599 4289 659 4340 sor-

156 4368 227 4420 muia
250 4369 368 4422 occurrit.
387 4368 431 4422 Sic
450 4367 563 4436 Quintil.
586 4366 659 4420 nect.

154 4446 219 4518 329:
230 4447 323 4497 onam
337 4467 403 4500 nunc
416 4467 481 4515 epo:
503 4449 556 4513 Qui
562 4448 659 4514 pulsa-

153 4527 217 4579 uerit
229 4520 337 4590 aliquem
344 4563 354 4591 ,
369 4526 518 4594 injuriarum
535 4529 658 4579 teneatur.

710 2675 763 2725 que
774 2657 870 2707 leuiora
880 2662 947 2706 sunt.
963 2653 999 2706 Et
1010 2652 1114 2722 pertint.
1126 2653 1220 2706 Bou.

744 2733 783 2785 56.
800 2736 900 2785 Facies.
921 2730 1032 2784 Mallem
1046 2731 1142 2799 sacius
1154 2747 1166 2797 ,·
1192 2741 1219 2783 ut

710 2827 777 2878 repe
788 2809 856 2862 alibi.

744 2890 783 2957 57,
798 2888 905 2938 Hostem
915 2891 1159 2954 sepientermtis.
1169 2886 1218 2940 Fe-

710 2964 774 3018 ceris
783 2964 931 3033 sapienter,
942 2963 963 3017 ei
970 2966 1070 3017 hostem
1081 2963 1216 3027 amaveris,

710 3061 792 3112 quum
804 3045 884 3094 ladas
894 3041 931 3095 ita
942 3042 1016 3110 quod
1027 3062 1107 3095 em.

743 3120 782 3172 58.
799 3122 845 3172 Me
854 3139 947 3186 precor
955 3126 988 3172 et
1000 3138 1082 3173 senes
1091 3139 1101 3170 t
1111 3119 1215 3186 pedere

709 3201 789 3259 uelle,
800 3201 871 3250 aelii.
878 3197 962 3250 Locus
971 3197 1103 3250 manifeste
1108 3212 1214 3264 corrup·

709 3285 758 3328 tus.
787 3280 822 3329 To*
842 3278 908 3327 velle
929 3292 1081 3345 perperam,
1097 3291 1128 3326 en
1148 3274 1216 3325 ueto

710 3353 1215 3423 proximesequentiinculratum,quum

709 3431 813 3485 ultimae
839 3430 903 3484 duas
928 3430 1039 3501 syllabae
1069 3430 1098 3484 in
1116 3431 1215 3498 perdere

709 3509 828 3563 librarius
840 3508 976 3580 geminare
988 3509 1159 3579 neglexisset:

728 3588 1214 3642 nte‚pmor,uroems,perdm‚ffl,ntte

711 3662 876 3717 Christianus
902 3662 1035 3715 Daumius
1066 3661 1215 3732 opinabatur

709 3742 809 3796 dietum
824 3743 975 3813 vulgatum
994 3752 1025 3794 ut
1038 3748 1120 3810 erepat
1132 3759 1215 3808 regere

709 3820 778 3891 apud
794 3820 936 3874 Catullum.
956 3821 1062 3875 Heme.
1088 3822 1151 3876 Non
1165 3829 1215 3883 est,

708 3910 738 3951 ut
754 3910 827 3968 putat
843 3899 985 3965 Heinsius,
1006 3904 1034 3953 τὸ
1050 3903 1119 3952 uelle
1128 3917 1216 3967 perpe-

708 3997 762 4030 ram
774 3997 789 4030 e
801 3981 865 4031 uelit
876 3979 994 4046 proxime
1005 3979 1132 4047 sequenti
1145 3974 1216 4032 incut-

707 4065 796 4108 catum
808 4066 857 4109 etc.
869 4054 931 4109 Esse
944 4056 1020 4108 enim
1034 4054 1078 4113 hie
1089 4057 1157 4111 nihil
1165 4055 1215 4109 mi-

708 4152 759 4187 nus
766 4152 845 4203 quam
855 4134 987 4200 otiorum,
998 4144 1045 4188 aut
1053 4134 1215 4194 redundans:

708 4222 799 4265 contra
810 4212 835 4263 in
849 4210 1002 4280 hujusmodi
1013 4213 1152 4282 formulis,
1162 4232 1215 4282 pee-

708 4293 766 4342 dere
773 4291 1214 4357 alienarentudmoetner,

707 4367 792 4436 iprum
810 4365 860 4420 hoc
882 4372 947 4423 aelii
967 4368 1041 4424 haud
1059 4372 1213 4443 ineleganter

706 4443 1208 4520 redundare;certenullamproedpuam

707 4523 1211 4598 volunuttsignificationemiuoeoen·
