2790 4696
419 296 687 365 DEJANIRA
714 292 966 363 HERCULI.

213 433 329 519 Fama,
345 431 454 504 virum
473 433 591 506 tunica
609 432 685 507 ube
701 432 808 533 perire
826 461 915 507 mea.

163 548 227 622 Hei
243 546 343 620 mihi!
364 547 444 653 quid
462 547 549 627 feei?
568 575 635 647 quo
652 575 705 621 mc
722 546 817 621 furor
832 548 902 642 egit
918 549 1105 622 amantem?
1181 570 1227 638 145

211 663 319 764 Impia
336 662 415 764 qnid
435 662 568 736 dubitas
585 663 743 737 Deianira
759 663 871 737 mori?

164 782 218 854 An
236 798 314 854 tuus
331 780 366 853 in
383 779 490 854 media
507 779 628 877 conjux
644 777 843 854 lacerabitur
861 779 973 852 OEta?

212 898 282 983 Tu,
301 894 432 969 sceleris
450 896 533 968 tanti
551 924 664 982 causa,
683 913 851 997 superstes
867 897 954 970 eris?

167 1010 202 1084 si
220 1008 301 1110 quid
318 1009 424 1084 adhuc
441 1009 549 1083 habeo
566 1008 661 1097 lacti,
680 1038 740 1084 cnr
756 1009 909 1084 Herculis
927 1037 1011 1083 uxor

215 1125 356 1211 Credam
376 1124 522 1222 conjugii
537 1152 626 1198 mors
643 1124 726 1197 mihi
742 1125 865 1225 pignus
882 1125 954 1199 erit.

167 1234 219 1312 Tu
236 1267 371 1339 quoque
390 1267 570 1334 cognosces
584 1240 620 1311 in
636 1268 704 1327 me,
722 1238 908 1335 Meleagro,
928 1267 1084 1314 sororem.

206 1356 314 1455 Impia
331 1355 413 1454 quid
426 1354 560 1428 dubitas
578 1354 736 1428 Deianira
750 1355 859 1427 mori?

166 1469 240 1543 Heu
257 1468 377 1542 devota
394 1467 529 1542 domus!
548 1466 634 1541 solio
652 1467 745 1541 sedet
758 1468 881 1563 Agrios
898 1466 990 1541 alto:

209 1582 325 1657 OEnea
343 1583 509 1657 desertum
528 1583 618 1657 nuda
638 1601 768 1657 senecta
785 1584 925 1683 premit:

160 1697 283 1771 Exulat
300 1698 426 1792 ignotis
442 1699 575 1798 Tydeus
592 1728 766 1794 germanus
782 1699 920 1772 inuris:

1165 301 1226 391 187

1185 1143 1231 1195 rSo

1185 1720 1231 1772 155

160 1897 233 1956 post,
248 1885 298 1959 916
310 1894 337 1939 et
348 1904 421 1955 sqq.,
434 1883 544 1938 nuntius
554 1883 672 1938 adfertur
721 1884 813 1952 detur,
831 1888 897 1936 solio
915 1886 990 1936 sede!
1004 1884 1098 1950 Agnos
1112 1886 1174 1935 allo.
1193 1883 1233 1938 Ut

163 1963 246 2034 gladio
257 1963 336 2016 ictam
348 1973 375 2017 et
386 1963 490 2033 propria
506 1982 589 2015 manu
606 1982 673 2017 con·
720 1963 895 2032 intelligamus
906 1961 1034 2030 Agrium,
1054 1970 1112 2029 post
1130 1960 1232 2030 disper-

163 2039 262 2094 cidisse.
274 2040 343 2108 Quis
354 2040 455 2094 dubitet
471 2041 534 2109 quin
548 2041 673 2109 eloquens
718 2059 775 2095 sam
783 2040 865 2092 OEnei
873 2039 994 2103 domurn,
1005 2038 1109 2092 AEtotiae
1117 2057 1230 2108 regnum

164 2116 232 2170 adeo
244 2117 389 2184 silentium,
404 2119 505 2171 animos
518 2117 602 2170 multo
619 2138 673 2187 po·
720 2137 871 2188 occupasse,
885 2136 996 2185 eamque
1007 2135 1065 2168 rem
1075 2115 1231 2185 Deianiram

164 2195 265 2248 tentius
284 2208 461 2263 commoveat,
484 2215 563 2265 quarn
579 2197 624 2265 qui
644 2196 673 2248 in
719 2196 789 2249 inter
799 2205 886 2249 cetera
896 2196 965 2247 mala
979 2204 1006 2246 et
1023 2193 1167 2246 infortunia
1185 2213 1231 2262 ge-

163 2273 250 2325 verbis
264 2282 335 2325 totus
349 2273 491 2326 effunditur
509 2274 607 2326 dolor?

200 2352 255 2417 144.
266 2353 672 2418 Wmtmtaelabepentemeae.

168 2430 240 2480 Tabe
256 2439 397 2498 reponatur
414 2449 444 2482 er
463 2429 613 2482 melioribus
634 2429 672 2482 li-

163 2505 217 2560 bris
236 2525 242 2558 :
258 2505 389 2574 quomodo
408 2517 435 2560 et
456 2516 592 2576 peccatum
611 2505 672 2579 Cy-

163 2582 254 2654 dippes
263 2584 387 2654 Epistola,
395 2584 435 2638 tc
444 2584 584 2638 Senecade
592 2585 674 2639 Herc.

163 2661 236 2715 Med.
248 2662 299 2729 640
310 2681 317 2715 :

208 2751 294 2792 erubuit
304 2751 363 2791 savis
375 2764 411 2789 sun
420 2750 507 2790 menbra
517 2749 599 2789 ssemrms

211 2826 268 2867 Tabe
276 2832 405 2876 consumptus
419 2825 494 2874 gemin·
504 2825 576 2875 prioris

407 2899 490 2937 Munere
503 2907 576 2948 nnptoe.

165 2971 204 3026 lta
214 2971 279 3025 liber
288 2971 416 3025 Etruscus
426 2990 432 3023 ε
442 2976 544 3038 gemrira
554 2975 625 3033 labe,
636 2981 675 3023 tu-

165 3050 223 3103 nica
234 3060 365 3102 venenata
378 3059 405 3102 et
417 3068 482 3118 rogo
496 3049 584 3102 OEtaeo
592 3071 598 3112 ;
607 3054 679 3116 pn'or

167 3127 501 3197 auplaDeianira,respectu
509 3126 673 3194 loles,ldem,

170 3203 286 3257 Hercule
301 3205 407 3273 OEtoeo,
426 3207 488 3275 715:

214 3292 244 3330 Ut
252 3293 311 3330 nisse
317 3295 366 3344 pelle
373 3304 401 3333 est
409 3325 415 3344 ,
425 3296 468 3333 tabe
476 3295 549 3335 Nessea
557 3294 613 3332 illita.
621 3295 648 3333 Η.

204 3367 258 3431 145.
274 3368 329 3431 <luo
337 3369 458 3436 mesum.
468 3369 566 3436 Regius
577 3366 674 3432 codex,

166 3449 220 3511 quei
229 3443 355 3512 uestem,
369 3447 512 3518 elegantius
527 3444 610 3497 multo
620 3482 627 3509 ,
647 3453 675 3494 ut

167 3532 237 3590 puto,
248 3523 346 3577 Busta.

199 3602 253 3668 148.
275 3603 315 3655 Tre
329 3607 434 3656 sceleris
455 3605 526 3652 lauti
536 3618 616 3652 causa
631 3618 677 3651 su-

164 3687 260 3746 perstes
271 3686 331 3734 en's.
354 3684 418 3734 γίνα
433 3685 561 3746 superstes
577 3678 676 3731 Putea-

170 3775 233 3812 neus
242 3768 269 3812 et
279 3758 357 3813 multi
369 3759 418 3814 alii
435 3759 514 3811 Forte
528 3775 535 3809 ι

192 3845 226 3885 'h
234 3848 300 3886 rubri
310 3856 364 3886 tanto
373 3849 418 3884 viva
430 3855 526 3896 superstes
533 3845 589 3883 eris?
598 3845 626 3882 Η.
638 3894 640 3898 ,

202 3919 255 3973 153.
275 3921 345 3974 Solio
366 3924 439 3972 sedet
455 3925 540 3972 acrior
554 3923 615 3972 alto.
638 3917 678 3969 lta

169 3997 245 4067 vulgo
263 3998 372 4068 quidem
389 3996 501 4066 legitur,
521 3997 592 4049 nulla
608 4005 679 4048 certe

171 4076 298 4128 sententia
311 4094 318 4129 t
329 4075 394 4129 mihi
407 4094 469 4127 vero
482 4075 622 4144 legendum
634 4072 678 4124 vi-

720 2275 790 2328 neris
800 2294 829 2327 ac
844 2272 933 2343 patria
944 2291 997 2326 suae
1008 2289 1144 2325 recensere
1158 2290 1164 2321 :
1178 2272 1232 2324 sue-

720 2363 784 2405 runt
800 2361 889 2406 autern
907 2351 999 2404 fratres
1017 2349 1130 2418 Agrius,
1147 2349 1232 2402 Melas

721 2441 747 2483 ct
768 2430 888 2493 OEneus;
910 2438 939 2481 ut
955 2448 986 2480 ex
1004 2428 1125 2480 Homero
1140 2435 1229 2496 patet,

722 2506 830 2572 Iliada,
840 2512 893 2560 115.
900 2504 1233 2559 Mrcrm.-Felixetcerta

721 2585 879 2658 emendatio.
895 2584 1024 2639 Thersites
1044 2593 1147 2653 patrem
1172 2583 1232 2635 lacit

722 2662 808 2715 Tretz.
824 2662 1016 2728 Chiliad.v111,
1035 2681 1057 2714 c.
1078 2665 1121 2714 151
1136 2671 1163 2714 ct
1178 2661 1232 2713 153.

722 2741 818 2811 Agrius
833 2741 909 2809 ejecit
928 2740 1017 2792 OEnea
1029 2757 1131 2808 regno,
1152 2756 1231 2806 quem

722 2819 832 2886 deinde,
842 2820 980 2872 interfecto
989 2816 1080 2887 Agrio,
1089 2814 1232 2868 Diomedes

722 2892 1231 2967 ejusneposrestituit.AntLiber·al.37;

722 2986 748 3030 et
762 2977 902 3048 Hyginus,
927 2990 1029 3039 ctxxv,
1052 2973 1164 3042 Agrium
1177 2972 1234 3037 eje-

721 3054 783 3107 cisse
796 3054 884 3108 OEnea
897 3053 972 3117 dicit,
985 3069 1068 3119 quum
1082 3048 1183 3100 videret
1193 3063 1234 3096 or·

722 3131 801 3195 bum;
822 3131 868 3185 sed
885 3131 997 3200 Agrium
1013 3146 1040 3180 se
1052 3127 1138 3194 ipsum
1150 3122 1235 3173 inter·

722 3210 810 3263 secisse
826 3207 917 3272 addit,
935 3204 1006 3274 quod
1022 3214 1049 3256 et
1060 3199 1173 3269 repetit,
1187 3197 1235 3250 Fa-

722 3285 776 3339 bul.
786 3300 887 3338 ccxnn.
904 3284 1001 3337 Burtu.

759 3365 813 3428 154.
832 3359 1138 3426 ἱωιμκιιιείαμιπιιϊ.
1159 3352 1234 3405 Nuda

723 3438 782 3492 libri
796 3446 913 3502 veteres,
931 3447 958 3490 et
972 3445 1043 3488 recte
1065 3449 1072 3484 τ
1089 3431 1125 3484 sic
1135 3435 1234 3497 inopem

725 3516 784 3569 alibi
795 3525 821 3568 et
830 3534 933 3582 egeram
945 3522 1020 3566 vocat
1031 3519 1172 3564 senectam.
1183 3509 1201 3561 J
1205 3527 1236 3559 u-

725 3593 836 3658 venalis,
852 3592 930 3646 Satir.
948 3590 1067 3655 v11,35:

959 3681 1015 3718 Tune
1024 3690 1083 3730 seque
1092 3689 1186 3727 tuamque

725 3757 865 3809 Terpsichoren
875 3755 916 3794 odit
922 3753 1006 3793 secunde
1013 3760 1032 3791 et
1038 3751 1092 3790 nude
1100 3759 1196 3791 senectus.
1204 3750 1233 3791 H.

762 3829 1236 3900 155.Exulat...Tydeusgermanusetc.

728 3911 823 3978 Quum
839 3907 911 3961 enim
927 3904 1110 3974 Menalippum
1125 3904 1234 3958 fratrem

727 3988 835 4060 Tydeus
852 3985 1005 4057 imprudens
1017 3982 1167 4049 occidisset,
1183 3999 1235 4049 pa·-

727 4068 778 4120 tria
788 4075 881 4137 sponte
894 4064 1004 4119 exulavit
1014 4102 1021 4130 ,
1039 4071 1066 4114 et
1076 4061 1161 4128 Argos
1171 4075 1236 4111 eon·
