2790 4696
506 326 651 397 etms
678 331 910 399 ununun.
1174 337 1241 428 295

178 465 316 567 Sceptra
331 491 450 565 parcns
467 465 571 552 daie,
590 495 656 567 qua
671 466 765 542 nulla
781 469 913 542 beatior
929 489 1005 560 ora,
1196 496 1243 564 175

225 580 366 654 Finibus
383 580 551 654 immensis
568 581 623 654 vix
641 584 816 673 obeunda,
834 603 934 660 tenet.

177 699 372 770 Innumeras
390 696 505 783 urbes,
524 714 624 796 atque
642 727 739 774 aurea
756 717 842 776 tecta
857 702 1010 777 videbis:

225 811 374 911 Quaque
392 840 471 885 suos
489 811 578 887 dicas
596 813 718 915 templa
735 814 849 889 decere
865 816 968 889 Deos.

176 925 265 1001 Ilion
279 925 456 1027 adspicies,
475 926 669 1028 firmataque
688 929 837 1004 turribus
852 928 927 1005 altis

226 1040 369 1129 Munia,
388 1040 542 1115 Phoebeae
556 1060 682 1117 structa
698 1073 816 1120 canore
831 1045 918 1148 lyrae.
1195 1070 1240 1123 rto

178 1153 269 1251 Quid
287 1154 350 1229 tibi
367 1154 408 1228 de
425 1157 523 1229 turba
540 1185 670 1232 narrem
686 1186 891 1260 numeroque
908 1160 1083 1235 virorum?

223 1270 289 1342 vix
304 1268 468 1371 populum
486 1271 584 1346 tellus
601 1274 745 1347 sustinet
760 1273 818 1348 illa
837 1303 944 1349 suum.

176 1384 361 1458 Occurrent
378 1384 482 1458 denso
501 1386 564 1459 tibi
580 1388 729 1462 Troades
746 1392 876 1485 agmine
893 1408 1036 1465 matres:

221 1501 290 1573 Nec
308 1501 439 1601 capient
456 1500 616 1603 Phrygias
634 1505 717 1578 atria
733 1523 848 1580 nostra
864 1534 979 1580 nurus.

177 1615 210 1689 0
229 1616 361 1715 quoties
380 1615 492 1690 dices:
513 1646 610 1716 quam
627 1647 755 1721 pauper
769 1621 896 1695 Achaia
912 1640 1028 1696 nostra
1043 1624 1109 1695 est!
1192 1646 1238 1698 185

221 1733 297 1804 Una
314 1729 433 1805 domus
449 1733 572 1832 quevis
588 1735 683 1807 urbis
700 1735 840 1809 habebit
858 1764 949 1836 opes.

172 1846 242 1920 Nec
258 1848 341 1920 mihi
360 1847 410 1921 sas
425 1847 525 1921 suerit
541 1849 684 1949 Sparten
702 1868 912 1925 contemnere
929 1867 1079 1924 vestram.

220 1963 260 2034 ln
279 1991 344 2062 qua
363 1979 401 2034 tu
419 1978 496 2034 nata
511 1991 566 2050 es,
587 1981 673 2037 terra
689 1964 787 2038 beata
802 1965 886 2037 mihi
903 1981 964 2038 est.

171 2077 274 2150 Parca
292 2076 349 2150 sed
368 2095 419 2150 est
435 2077 553 2177 Sparte
569 2106 577 2149 :
593 2094 630 2150 tu
648 2077 741 2152 cultu
758 2079 858 2153 divite
875 2078 985 2173 digna.

219 2192 274 2265 Ad
293 2190 390 2265 talem
407 2191 548 2264 sormam
564 2221 634 2265 non
653 2192 732 2267 lacit
747 2194 810 2268 iste
828 2192 932 2267 locus.
1189 2232 1235 2286 ro>

171 2309 266 2382 Hauc
283 2308 399 2382 sociem
416 2307 518 2402 largis
535 2308 606 2382 sinc
622 2307 689 2383 fine
704 2309 877 2410 paratibus
891 2309 962 2398 uti,

218 2419 419 2522 Deliciisque
437 2421 531 2495 decet
548 2421 712 2498 luxuriare
728 2424 839 2498 novis.

170 2537 285 2634 Quum
302 2537 412 2612 videas
430 2536 555 2611 cultum
572 2534 745 2616 nostra'de
763 2560 861 2637 gente
877 2536 1045 2629 virorum';

217 2652 358 2748 Qualem
375 2653 581 2727 Dardanidas
594 2655 699 2728 credis
716 2654 839 2731 habere
856 2656 987 2729 nurus?

168 2763 220 2839 Da
236 2770 335 2842 modo
355 2786 386 2842 te
403 2767 552 2843 facilem:
569 2798 630 2844 nec
647 2768 824 2866 dedignare
842 2768 1016 2858 maritum,
1182 2791 1228 2858 ιμ’,

169 2995 277 3070 Capyn,
290 3010 317 3053 et
332 2999 462 3069 reliquos,
475 3001 519 3069 qui
535 3003 626 3064 malet,
640 2999 673 3053 ab
720 3003 777 3052 dere
787 3018 870 3052 nrm.
887 3001 1006 3068 Qualem,
1027 2998 1148 3053 meliores
1166 3011 1226 3048 curn

166 3076 251 3141 Jove,
263 3076 295 3129 ad
307 3077 392 3146 ipsum
405 3077 526 3132 Pariden.
719 3077 809 3146 primis
827 3076 1000 3142 editionibus,
1013 3094 1092 3145 quare
1110 3083 1137 3127 et
1148 3090 1227 3140 supe-

201 3155 255 3206 180.
272 3156 380 3208 Structo.
386 3159 476 3218 Facta,
484 3156 671 3222 Ononetlleg.
719 3154 782 3207 riori
792 3172 869 3207 versu
880 3158 973 3207 cultum
982 3153 1056 3222 lege,
1068 3168 1131 3205 cum
1144 3148 1227 3201 tribus

202 3228 255 3282 i81.
271 3232 672 3285 Deturba.I)eturdr's.Francol.
719 3230 826 3299 scriptia.
843 3229 948 3283 Deinde
960 3230 1126 3281 Dardanidas
1138 3222 1227 3279 multa

202 3307 254 3359 183.
270 3309 359 3359 Denso
376 3312 426 3360 ubi
439 3311 550 3362 Troades
565 3315 671 3375 affmr'ue.
719 3308 895 3361 membrana.»
913 3309 1088 3360 Dardam'dna
1115 3311 1225 3365 matres,

166 3383 272 3438 laidet
283 3383 420 3451 Scriverii,
432 3387 534 3449 ordinm
548 3403 672 3454 quaeper*
719 3384 826 3436 Maroni
841 3399 875 3449 v,
893 3382 999 3436 AEneid.
1017 3393 1046 3436 et
1062 3384 1225 3435 Dardanides

164 3472 244 3532 petua
251 3464 306 3515 sere
316 3461 480 3514 librariorum
489 3471 528 3513 est
535 3461 670 3514 aberratio.
718 3468 793 3515 mles.
807 3459 921 3513 Remed.
938 3461 1030 3513 Amor.
1043 3459 1091 3527 58,
1109 3479 1140 3513 ex
1151 3459 1223 3529 opti-

200 3540 252 3594 186.
272 3541 332 3592 Ilua
345 3542 432 3591 domus
441 3543 538 3606 querr's.
550 3540 669 3604 Ouam‘s,
718 3539 768 3594 mia
779 3537 946 3591 memorante
957 3537 1062 3590 Httttts.¹

164 3617 305 3688 Gottorplr.
314 3617 396 3680 bene;
407 3616 456 3669 nisi
466 3621 578 3683 quanvis
586 3614 672 3671 malis:
752 3618 806 3688 ¹9⁵·
823 3616 869 3668 lta
880 3615 952 3668 modo
962 3612 1102 3682 lesaciIem
1109 3631 1117 3665 .·
1125 3630 1172 3665 nec
1182 3614 1223 3665 de-

162 3696 229 3748 serte
242 3696 321 3748 etiam
331 3699 412 3755 orbis,
422 3712 471 3763 pro
479 3697 554 3746 nrbr's.
570 3693 669 3749 limo.
717 3694 820 3761 dignam
830 3696 944 3744 mantum
951 3700 999 3745 etc
1011 3689 1055 3745 Sic
1060 3707 1164 3760 quoque
1172 3691 1224 3744 Pa-

165 3775 285 3840 Qnamm's
296 3782 334 3826 est
347 3772 375 3824 in
389 3772 508 3825 Francos.
520 3769 591 3840 quod
607 3789 670 3824 ma-
717 3768 752 3824 ria
768 3768 936 3837 Colutlraeus,
949 3770 1013 3844 289:

162 3850 232 3904 lebat
242 3850 321 3902 etiam
333 3850 473 3913 Francius;
487 3858 525 3902 eat
537 3849 669 3903 veroimi-
717 3857 785 3923 Δεῦρο
802 3851 875 3917 γέμον
897 3849 1025 3924 κφάσωμιν
1040 3887 1049 3916 ,
1066 3849 1103 3904 r'cl
1114 3851 1222 3921 Κυθέρεια

163 3928 227 3981 tatio
240 3927 371 3998 Euripidis
382 3948 412 3982 ex
422 3928 532 3994 Oreste,
550 3948 629 3982 arao:
783 3931 874 3981 κιλιύιι·

172 3999 324 4067 medente
335 4010 392 4083 αὐτῇ
404 4009 496 4081 oncupio
508 4011 641 4082 οὒιιτὶριον.
716 4010 753 4070 Hi
770 4028 799 4074 pu
811 4007 999 4075 xmacoxdrrtue,
1015 4006 1072 4074 lule
1084 4013 1124 4061 καὶ
1137 4006 1223 4078 Κύπριν

200 4087 253 4158 194.
272 4088 366 4153 Quales
374 4086 522 4140 Dardanas
530 4087 612 4140 credis
620 4087 669 4138 ka-
785 4086 883 4152 ltr'ptqf.
1168 4104 1172 4109 ·
