2790 4696
168 301 227 364 150

497 294 771 364 EPISTOLA
799 296 891 365 vlt.

208 434 344 520 Tristis,
364 450 397 506 et
413 431 528 507 effusis
544 434 798 530 sanguinolenta
813 433 927 507 comis.

162 548 339 650 Quidquid
357 548 392 620 id
409 566 475 636 cst,
494 567 603 625 totum
619 551 740 638 merui,
760 547 945 635 concedite,
964 544 1074 621 dicas:

210 668 360 767 Quaque
377 665 512 755 cadent,
532 667 568 741 iu
586 685 617 742 tc
632 665 773 740 fulmina
788 664 889 739 missa
903 680 1012 765 putes.

161 784 214 856 Da
229 782 329 855 breve
347 780 477 855 sevitie
494 781 638 881 spatium
653 779 830 882 pelagique
847 798 998 881 tuaeque:

213 895 347 969 Grande
364 923 465 968 morae
482 895 627 995 pretium
644 912 717 971 tuta
731 894 845 970 brtura
859 893 912 969 via
928 910 988 968 est.

160 1014 229 1086 Nec
246 1010 329 1083 mibi
347 1027 385 1083 tu
401 1037 534 1110 pamas3
551 1038 658 1110 puero
675 1026 829 1110 pareatur
844 1006 929 1081 Iulo.

212 1129 261 1200 Te
278 1125 358 1199 satis
375 1142 426 1199 est
443 1118 577 1197 titulum
593 1123 710 1199 mortis
724 1123 850 1199 babere
866 1152 971 1199 mee:

51 1292 59 1308 .
163 1241 257 1339 Quid
274 1269 359 1342 puer
376 1240 554 1327 Ascanius,
574 1239 657 1341 quid
673 1235 719 1314 Di
735 1266 883 1315 mernere
901 1239 1064 1312 Penates?

211 1354 353 1449 Ignibus
369 1371 501 1459 ereptos
520 1353 642 1430 obruet
657 1352 749 1429 unda
761 1355 862 1427 Deos.

164 1470 232 1546 Sed
244 1499 352 1571 neque
365 1470 431 1545 fers
445 1488 572 1545 tecum:
584 1500 662 1558 nec,
677 1498 751 1571 quse
763 1468 863 1556 mihi,
881 1467 1021 1569 perfide,
1038 1468 1160 1567 jactas,

213 1587 413 1659 Presserunt
428 1585 584 1659 humeros
602 1612 693 1661 sacra
708 1602 869 1685 paterque
886 1599 973 1656 tuos.
1193 1605 1226 1654 uo

163 1699 287 1774 Omnia
301 1698 452 1772 mentiris
466 1727 474 1772 ε
487 1727 548 1772 nec
564 1700 651 1772 enim
668 1717 725 1774 tua
741 1697 853 1773 fallere
869 1697 984 1792 lingua

210 1814 333 1915 Incipit
350 1814 502 1903 anobis,
519 1815 693 1916 primaque
708 1813 840 1916 plector
856 1841 930 1909 ego.

161 2096 299 2144 sermone,
317 2079 363 2147 qui
374 2097 461 2133 sermo
472 2079 567 2133 chartis
578 2088 671 2134 trans-

162 2155 283 2209 mittitur.
291 2155 445 2211 Notandum
453 2174 557 2227 quoque
565 2158 593 2211 in
603 2156 672 2214 ovi-

161 2231 222 2298 dio,
235 2252 286 2302 qua
295 2243 350 2287 arte
362 2234 389 2286 in
401 2234 604 2303 subsequentem
615 2253 671 2288 ver·

161 2329 220 2361 sum
232 2311 382 2363 remittatur
392 2328 441 2362 vox
454 2316 549 2373 initis,
566 2330 624 2381 que
634 2312 671 2366 sic

162 2385 302 2452 collocata,
322 2384 448 2439 lectorem
471 2388 542 2458 cogit
563 2388 671 2460 imagini

162 2460 308 2519 subsistere.

197 2559 235 2609 7¹·
251 2539 471 2607 Quidqur'dr'lesl,
484 2549 564 2597 totum
574 2549 669 2605 mem,

163 2617 306 2678 concedite,
326 2620 407 2670 dicas.
425 2617 488 2673 Loci
510 2640 600 2676 sensus
617 2629 671 2675 est:

163 2693 240 2746 Dicas
253 2733 261 2761 ,
291 2694 419 2750 exclames
430 2717 436 2761 ς
460 2695 586 2766 quidquid
607 2694 671 2749 illud

163 2789 247 2839 poenae
265 2781 318 2837 est,
338 2771 408 2842 quod
427 2773 492 2827 mibi
503 2772 669 2837 immittitur,

163 2857 248 2901 toturn
258 2848 383 2902 meruisse
395 2869 439 2902 me
446 2851 538 2903 fateor.
558 2850 671 2919 Atros,

162 2945 178 2979 o
188 2926 285 2998 superi,
291 2926 441 2992 concedite,
448 2925 595 2982 condonate
607 2926 672 2981 mibi

162 3014 305 3074 peccatum.
319 2998 427 3057 'Eodem
446 3002 527 3056 modo
549 3003 595 3058 sit.
612 3003 671 3058 Ita-

162 3083 243 3150 licus,
258 3098 304 3150 vr,
316 3083 381 3137 582:

163 3173 268 3227 Quidquid
279 3173 299 3212 id
311 3180 353 3221 est,
368 3171 418 3211 dun
430 3183 468 3210 noa
478 3168 566 3210 visetum
579 3168 673 3220 Carthago

237 3247 311 3285 eatenis

163 3318 267 3373 stupui,
275 3304 374 3371 μάψ
381 3317 474 3357 usuum
482 3323 568 3355 mss·
577 3322 671 3369 pm,

164 3392 247 3430 Gratum
256 3401 285 3431 est
295 3420 302 3440 ,
317 3404 331 3431 ο
339 3390 404 3442 superi
412 3392 426 3446 i¹

197 3479 236 3546 75.
247 3478 302 3532 Nec
310 3478 521 3545 asabitspsrcas.
541 3475 670 3536 Tarm,

165 3554 318 3625 Puteaneus
328 3566 357 3611 et
365 3553 408 3609 alii
419 3551 540 3607 nonnulli
549 3571 580 3604 ex
591 3551 672 3620 potio·

165 3633 243 3686 ribus
263 3631 373 3687 Codices
389 3630 507 3685 Andren
524 3628 625 3683 Scbotti
643 3628 672 3682 in

166 3707 410 3776 Observationibus,
419 3712 474 3764 Nec
481 3710 673 3774 mr'ds'parealur.

132 3838 135 3844 ,
165 3784 227 3837 Νοιι
246 3789 376 3839 invenuste
395 3783 554 3855 :quomodo
576 3792 604 3836 et
621 3793 673 3835 tres

149 3881 195 3935 *ex
207 3862 309 3915 nostris
324 3862 422 3917 Similis
439 3882 503 3916 vero
521 3862 582 3916 buit
597 3862 672 3928 ioco,

167 3936 249 4007 Epist
263 3951 326 4002 xlx,
343 3941 392 3991 205
406 3959 412 3992 ε

163 4031 183 4068 Si
195 4027 231 4069 tibi
239 4027 365 4077 uonpmr's,
376 4027 450 4066 dilecte
457 4041 521 4081 paru
531 4030 607 4080 puella.
619 4029 648 4068 li.

718 2108 752 2124 ·-
765 2082 827 2136 Non
846 2079 927 2135 modo
942 2098 999 2133 non
1013 2084 1163 2142 sumtum,
1178 2077 1224 2133 sed

718 2159 893 2230 praedurum,
917 2158 1057 2228 incipiente
1083 2155 1227 2228 presertim

719 2257 811 2305 versu,
825 2236 895 2292 istud
901 2242 1030 2304 parcatur.

753 2337 791 2387 77.
799 2313 1160 2382 QuilDimerumPc-nales?
1168 2312 1226 2381 Qui

719 2393 819 2461 tuasne
829 2392 875 2445 Dii
885 2393 1008 2457 Penates,
1019 2387 1231 2460 ambigiturmtit‘

720 2469 793 2525 enim
802 2469 916 2533 Jovem‚
926 2466 1066 2521 Junonem
1074 2486 1106 2521 ae
1116 2466 1229 2521 Miner-

719 2563 780 2599 vam
790 2545 868 2600 fuisse
877 2544 967 2596 aiunt:
980 2543 1021 2596 alii
1034 2543 1193 2613 Neptunum
1201 2553 1230 2598 et

720 2620 885 2693 Apollinem
899 2618 941 2672 alii
955 2619 1069 2688 denique
1082 2617 1186 2673 cetum
1198 2637 1231 2674 ac

720 2700 839 2755 Terram.
848 2697 888 2750 Ex
898 2695 1024 2767 scriptore
1033 2694 1134 2747 Timeo
1145 2695 1230 2748 refert

720 2777 829 2848 Dionys.
845 2773 978 2828 Habeam.
996 2770 1126 2839 Antiquit.
1140 2785 1170 2837 1,
1183 2790 1231 2825 ra-

719 2855 808 2908 dum
818 2853 894 2907 fuisse
911 2869 977 2903 crea
988 2859 1016 2905 et
1030 2850 1131 2914 ferrea,
1151 2847 1228 2901 Tro-

719 2932 860 3001 janumque
866 2926 1083 2985 terrambctilem.
1090 2925 1228 2980 Hoesama

719 3019 824 3062 tantum
836 3025 844 3059 ι
854 3006 900 3061 sed
911 3025 973 3059 snos
984 3004 1075 3058 asserit
1090 3001 1184 3057 vidisse
1200 3024 1228 3058 se

719 3086 748 3139 in
761 3085 859 3153 templo
868 3082 983 3153 quodam
995 3082 1089 3135 nome
1099 3082 1226 3144 Pennas,

720 3163 766 3233 qui
772 3162 883 3232 Troiani
893 3159 1056 3226 dicebantur,
1066 3159 1152 3213 forma
1159 3157 1229 3213 duo-

719 3259 780 3294 rum
791 3240 919 3309 juveuum
937 3237 1117 3302 hastatorum,
1138 3235 1229 3290 babitu

719 3317 876 3374 sedentium.
885 3316 923 3368 Hi
933 3326 1021 3369 tamen
1030 3313 1125 3368 Castor
1133 3323 1160 3367 et
1170 3314 1230 3369 Pol·

720 3395 765 3450 lux
774 3414 830 3450 ease
840 3412 895 3451 non
907 3402 1028 3463 possunt,
1042 3411 1126 3462 quum
1136 3393 1230 3447 fratres

721 3471 937 3526 essentHeiene:
946 3469 1230 3536 Penatesvero,rnulto

722 3550 890 3619 antiquiores.
899 3572 932 3590 -
943 3547 988 3602 Sic
1000 3547 1113 3615 Russus,
1125 3545 1230 3600 adAEn.

721 3646 745 3682 11
800 3649 835 3680 rr.

753 3650 793 3778 ’793
815 3664 868 3757 ised
874 3721 952 3772 raeque
953 3701 1013 3769 fers
1023 3709 1103 3756 tecum
1115 3712 1165 3755 etc.
1175 3702 1230 3756 ln-

720 3787 821 3859 signem
827 3787 926 3852 pr‘elale
937 3781 1022 3835 virum
1030 3780 1230 3835 mendaciiten-

722 3874 759 3917 tat
770 3878 887 3931 arguere.
899 3858 955 3927 Qui
966 3859 1037 3912 enirn
1044 3864 1103 3925 prus
1115 3859 1144 3912 in
1156 3856 1229 3912 Deos

721 3951 747 3997 et
767 3949 883 4010 patrem,
905 3939 949 4008 qui
972 3938 1101 4008 perfidum
1120 3958 1147 3992 sc
1166 3955 1229 4009 erga

721 4016 854 4071 Didonem
871 4018 1040 4087 prostiterit?
