2754 5160
156 783 202 876 94
419 782 958 854 s1uu0u11u0sscur1

153 926 205 997 Ex
221 922 293 1010 his,
313 949 399 1022 quos
414 949 591 1011 memoras,
610 922 705 1021 cujus
721 920 831 1023 placet
847 924 978 998 exitus?
995 941 1053 998 aut
1070 926 1163 1027 quod

203 1036 380 1131 Flagitium
397 1033 485 1110 lente
502 1066 600 1139 poena
617 1056 730 1113 secuta
745 1036 835 1112 suit?

155 1154 284 1227 Arserit
301 1151 450 1228 OEnidcs
466 1155 503 1226 in
520 1153 676 1229 Matralia
693 1151 865 1243 Atalanta3

204 1268 315 1342 Prima
331 1267 524 1369 sepulcralis
541 1268 595 1343 fax
610 1268 677 1342 fuit
693 1266 750 1342 illa
767 1269 859 1364 rogi3

155 1384 274 1459 Iuselix
289 1385 418 1484 juvenis
435 1385 560 1486 pariter
575 1413 652 1459 cum
668 1403 756 1460 torre
772 1384 957 1482 llagrabat:

202 1504 286 1576 Tam
302 1503 414 1576 miseri
430 1519 536 1577 mater
552 1501 679 1576 funeris
697 1519 813 1575 auctor
830 1518 909 1576 crat.

155 1617 267 1691 Mater
283 1634 353 1692 erat
367 1647 374 1690 :
389 1615 471 1718 quid
487 1617 533 1702 si,
552 1616 644 1717 quud
661 1633 698 1690 tu
715 1617 815 1706 mihi,
835 1617 992 1705 Phaedra,
1011 1615 1158 1693 suisset?

204 1732 277 1807 Ah!
297 1761 359 1828 ego
377 1732 424 1806 sic
442 1732 556 1833 potius
574 1732 636 1805 sim
654 1733 718 1805 tibi
735 1732 882 1822 llamma,
901 1762 1028 1835 precor.

156 1845 297 1922 Vulcani
314 1865 484 1920 temerasse
504 1864 615 1920 torum
631 1876 730 1948 quam
742 1847 848 1924 nollet
865 1850 1013 1937 Adonis,
1176 1876 1227 1927 225

204 1966 301 2038 Tunc
319 1992 422 2065 quum
438 1961 589 2037 fulminei
607 1962 705 2038 deute
721 1965 861 2039 cadebat
877 1967 969 2068 apri!

155 2082 320 2155 Auroram
339 2077 524 2180 Cephalus3
544 2078 730 2180 Cephalum
746 2080 894 2155 vindicta
910 2098 1021 2155 secuta
1038 2097 1105 2168 est,

205 2198 296 2270 Dum
312 2193 430 2297 procul
447 2223 584 2268 uxorem
601 2194 741 2269 credidit
758 2225 828 2270 esse
846 2196 958 2271 seram.

157 2312 323 2400 Credidit,
342 2329 376 2386 et
392 2311 495 2385 misso
512 2312 606 2412 rupit
620 2311 805 2410 precordia
823 2310 911 2385 telo:

205 2427 318 2500 Exitio
335 2425 436 2499 unius
453 2423 575 2498 vulnus
592 2426 725 2527 utrique
741 2426 816 2500 fuit.

157 2545 205 2617 At
221 2560 278 2630 tu,
296 2542 325 2615 si
342 2540 453 2642 pudor
470 2559 535 2630 est,
554 2539 713 2642 exemplis
732 2539 855 2615 talibus
871 2543 921 2615 uti
1009 2562 1012 2567 ’

208 2659 309 2731 Parce
326 2687 334 2729 :
349 2656 461 2752 fugam
478 2655 630 2744 sceleris,
648 2685 719 2728 non
736 2656 843 2731 scelus
859 2656 917 2731 illa
932 2657 1063 2732 docent.

158 2775 260 2849 Poeua
278 2802 387 2848 comcs
405 2773 510 2874 culpae
528 2790 579 2846 est
593 2802 601 2845 τ
615 2791 728 2874 specta
738 2773 840 2846 modo
852 2774 983 2870 singula
997 2806 1004 2848 :
1018 2804 1190 2876 nunquam

207 2893 361 2989 lmpuros
379 2888 497 2961 claudo
517 2888 639 2963 deserit
656 2887 712 2962 illa
728 2888 822 2989 pede.

157 3007 265 3079 Nemo
283 3033 406 3077 nocens
424 3005 561 3105 impunc
578 3004 644 3077 fuit
659 3034 666 3077 :
684 3005 712 3076 si
731 3020 847 3077 caetera
865 3003 989 3091 desint,
1177 3028 1226 3078 235,

207 3123 306 3194 Meus
324 3121 389 3193 sibi
407 3119 518 3194 delicti
537 3120 669 3193 conscia
685 3147 784 3220 poeua
800 3146 860 3191 sua
877 3136 937 3192 est.

158 3237 213 3311 Sic
230 3238 311 3310 mihi
330 3267 391 3339 pro
409 3234 553 3310 stimulis
572 3235 681 3325 addis,
700 3235 911 3323 stultissima,
929 3236 1059 3311 frenos:

207 3357 253 3427 Et
267 3383 335 3440 me,
353 3383 395 3427 ue
413 3353 529 3427 faciam
547 3353 638 3453 quod
655 3353 758 3453 petis,
778 3354 851 3453 ipsa
867 3382 991 3428 mones.

159 3472 240 3543 Esse
258 3487 356 3570 putas
372 3468 515 3569 aliquid,
534 3469 563 3542 si
579 3468 713 3542 fratrem
730 3471 821 3540 Juno
839 3469 1011 3570 virumque

206 3588 273 3661 Det
290 3586 370 3675 tibi,
390 3585 481 3687 quod
498 3613 549 3658 me
568 3585 613 3657 sis
629 3584 848 3685 praepositura
863 3585 949 3658 tovi.
1173 3607 1221 3676 240

157 3705 205 3777 At
221 3704 302 3777 mihi
320 3704 349 3776 si
366 3702 417 3776 vel
435 3719 483 3789 te,
501 3699 553 3774 vel
568 3701 716 3800 Erinnya
730 3701 855 3774 nubere
872 3717 970 3794 cogat

206 3821 352 3920 Jupiter,
370 3818 449 3891 huic
468 3817 573 3890 dicam
588 3846 595 3889 :
608 3818 685 3903 Me,
704 3818 775 3888 Dea
792 3815 912 3902 tristis,
931 3814 1027 3889 habe.

158 3936 239 4008 Fata
256 3936 336 4035 quid
354 3936 510 4008 accusas?
527 3933 564 4006 Si
581 3933 631 4005 vis
645 3961 683 4005 ea
694 3931 840 4019 vincere,
859 3932 978 4004 vinces,

208 4050 389 4124 Praetendis
406 4050 487 4123 vitio
506 4049 643 4122 uomina
659 4076 742 4120 vana
758 4063 828 4119 tuo.

162 4163 230 4233 Cur
246 4167 382 4252 metuis,
400 4194 535 4251 vesana,
554 4190 671 4264 parum
688 4162 819 4235 Minoia
835 4161 951 4233 credi?
1177 4180 1236 4248 245

209 4277 325 4350 Cur-vc
344 4280 453 4367 times,
471 4297 510 4352 ut
528 4279 573 4351 sis
591 4277 732 4351 dedecus
749 4276 822 4376 ipsa
838 4275 931 4347 tuis?

162 4391 252 4462 Pone
269 4411 394 4467 metum
412 4413 539 4482 tamen3
557 4413 597 4468 ut
612 4393 722 4495 possis
739 4390 871 4463 Minoia
887 4390 992 4477 credi,

210 4505 313 4599 Quod
327 4511 415 4606 petis
430 4541 449 4584 a
465 4512 581 4602 uobis,
600 4511 666 4584 hoc
683 4506 826 4583 voluisse
845 4525 896 4582 sat
913 4526 972 4583 est.
