2790 4696
168 311 231 396 rod
523 313 783 383 EPISTOLA
806 314 850 385 V.

161 452 253 527 Aura
268 448 348 525 levis
364 448 474 546 rigido
489 453 669 552 pendentia
685 453 787 529 lintea
802 451 891 526 malo

209 568 373 655 Suscitat,
391 585 425 642 ct
441 569 539 642 remis
555 587 650 643 eruta
666 587 762 643 canet
777 597 872 668 aqua.
1001 558 1005 567 ⁵

160 685 353 784 Prosequor
369 681 484 757 infelix
501 684 606 758 oculis
624 685 781 760 abeuntia
794 684 885 772 vela,

208 800 287 897 Qua
302 799 396 888 licet;
415 817 450 873 et
464 798 608 874 lacrimis
623 800 739 875 humet
750 829 848 876 arena
861 799 952 873 meis.

159 913 272 1012 thue
288 911 374 987 celer
390 914 518 1001 venias,
534 913 655 987 virides
670 913 827 989 Nereidas
846 940 925 998 oro;

208 1027 341 1103 Scilicet
357 1046 396 1102 ut
408 1030 520 1103 venias
538 1030 574 1102 in
590 1058 662 1102 mea
678 1029 796 1102 damna
813 1026 919 1102 celer!

159 1142 257 1217 Votis
273 1172 352 1240 ergo
366 1145 448 1218 meis
464 1142 520 1217 alii
537 1142 680 1217 rediture
692 1142 829 1215 redisti!

209 1259 274 1332 Hei
289 1259 387 1347 mihi,
405 1287 469 1360 pro
487 1258 558 1331 dira
574 1256 691 1359 pellice
708 1254 831 1329 blanda
846 1252 915 1326 fui!

159 1371 317 1473 Adspicit
333 1374 532 1447 immensum
547 1370 653 1446 moles
669 1371 780 1445 nativa
796 1368 1018 1472 profundum3

210 1488 313 1560 Mons
329 1486 418 1560 fuit:
435 1487 598 1587 aequoreis
614 1485 672 1560 illa
687 1486 813 1560 resistit
827 1485 931 1585 aquis.

161 1603 250 1677 Hinc
263 1631 325 1699 ego
340 1602 411 1678 vela
428 1621 493 1677 tuae
509 1602 651 1697 cognovi
664 1600 772 1701 prima
788 1599 925 1686 carina,

208 1721 255 1793 Et
268 1719 351 1792 mihi
367 1747 429 1819 per
444 1718 565 1792 fluctus
581 1718 724 1817 impetus
739 1715 787 1788 ire
798 1714 872 1788 suit.

195 1951 631 2024 53.1n·51·do.Junianue,rt›ygza,
643 1961 671 2006 et
717 1981 752 1992 -
765 1954 871 2006 Blanda
881 1951 933 2020 sm'.
947 1949 1077 2017 Blandus,
1097 1970 1146 2020 pro
1163 1969 1226 2020 sup-

161 2026 198 2080 ita
217 2030 391 2096 conjeceram.
409 2030 454 2086 sic
465 2046 507 2083 111.
522 2031 591 2084 Fast
608 2034 670 2103 529,
713 2033 789 2098 ples.
802 2031 894 2100 saepius
904 2050 918 2084 a
930 2029 1013 2100 poetis
1025 2040 1170 2098 usurpatur.
1180 2028 1225 2082 sic

162 2125 211 2175 pro
223 2110 313 2175 sigilii·
322 2110 457 2171 columnis,
475 2107 672 2162 rescribendum
718 2111 838 2161 blandum
861 2111 931 2171 thus,
956 2106 1023 2178 apud
1040 2109 1159 2176 Propert.
1176 2122 1225 2172 tv,

162 2187 278 2255 Phrygiis
284 2185 385 2238 monui.
390 2185 673 2249 llnttts.Gelido,Bers·
719 2184 792 2254 Eleg.
800 2201 840 2252 vt,
851 2189 874 2239 5.
883 2189 934 2239 Pro
940 2189 1094 2253 dirapella'ce
1104 2205 1113 2237 .·
1122 2183 1227 2237 Helena

164 2261 257 2314 manni
266 2261 355 2315 editio.
718 2260 830 2328 scilicet,
842 2281 900 2330 quse
910 2273 950 2316 tot
960 2263 1008 2332 ipsi
1019 2262 1107 2317 Paridi
1118 2274 1145 2316 et
1156 2262 1228 2314 Tro-

196 2340 236 2403 54.
250 2341 412 2408 Cunctaque.
423 2339 672 2410 Albescitspumosa.
718 2338 805 2406 janis,
823 2341 891 2393 mala
912 2358 1002 2393 seeum
1024 2350 1092 2393 esset
1111 2339 1227 2392 allatura.

195 2412 235 2464 56.
252 2415 291 2465 Et
306 2417 426 2467 hcniass
442 2414 561 2482 Quidam
572 2416 672 2470 codices
718 2418 810 2468 Pelles
822 2428 911 2471 autem
922 2417 1017 2470 dicitur
1032 2428 1152 2487 respectu
1162 2428 1228 2471 tan-

161 2492 189 2541 in
201 2492 330 2554 lacuum
348 2493 417 2545 sorte
429 2503 499 2547 recte
509 2534 516 2561 ‚
527 2513 590 2548 nam
603 2503 673 2546 amat
719 2501 778 2546 tum
788 2495 919 2560 mrdieris,
929 2514 984 2548 non
996 2496 1051 2547 viri.

165 2568 261 2622 Noster
269 2568 366 2623 similes
376 2569 527 2626 locutiones.
535 2572 584 2643 Ep.
593 2588 617 2639 ι,
630 2572 673 2637 14:
752 2569 792 2622 61.
803 2572 925 2638 Adspicit
933 2578 1078 2624 etnmensum
1087 2582 1135 2624 etc
1152 2574 1230 2626 Poe-

188 2657 274 2697 Nonrine
287 2660 415 2699 inuectam
422 2662 495 2712 putida
503 2675 646 2714 semperetm.
719 2647 770 2700 fite
786 2647 873 2702 locum
891 2649 1026 2715 describit,
1047 2648 1116 2701 unde
1133 2668 1230 2701 rever-

166 2729 203 2783 Et
213 2750 273 2784 mox
282 2733 364 2799 infra,
381 2734 441 2785 138:
720 2733 822 2777 tentem
843 2744 858 2778 e
880 2725 980 2780 Grcecia
1007 2724 1130 2779 Paridem
1145 2731 1231 2792 pnirta

212 2811 239 2848 lsi
248 2808 393 2861 immensisque
401 2818 465 2850 tumet
474 2812 509 2850 tt·
519 2813 577 2862 jugis.
586 2812 661 2851 Bm-
720 2803 856 2872 prospexit.
869 2832 902 2844 -
912 2806 1024 2856 Resistet
1036 2808 1114 2872 aqus's.
1127 2803 1230 2857 Unda-

198 2881 238 2933 58.
255 2883 350 2933 Vem'as
359 2887 387 2934 in
397 2902 455 2934 mea
463 2886 564 2936 damna.
579 2884 618 2937 Ut
629 2884 674 2953 qui
720 2897 781 2932 rum
791 2880 904 2950 impetus
917 2883 1027 2935 immota
1043 2883 1160 2935 sustinet.

167 2957 301 3012 Helenam
320 2978 410 3013 secum
432 2960 593 3023 reduceret;
621 2980 674 3029 quo
754 2957 794 3009 62.
805 2960 856 3009 Illa
865 2964 968 3011 resistit.
979 2959 1164 3026 scribendum,
1175 2961 1230 3030 opi-

166 3036 674 3108 damnosiusnihilquumpossetOEnone
721 3053 788 3101 nor,
804 3041 865 3088 icta.
882 3038 922 3090 lta
940 3038 1044 3107 proprie
1061 3040 1133 3106 aquis
1149 3044 1188 3091 ἰοί
1201 3051 1229 3093 et

166 3116 367 3184 pertimescere,
379 3115 549 3172 nihilominus
558 3114 674 3169 reditum
714 3114 794 3180 senti
802 3113 926 3168 dicuntur
936 3115 1025 3180 litora,
1038 3126 1065 3169 et
1073 3117 1170 3186 scopuli
1180 3156 1188 3182 ,
1202 3127 1230 3171 et

168 3195 300 3263 abeuntis,
314 3204 341 3248 et
351 3193 427 3250 illum
436 3198 554 3259 celerem,
569 3193 676 3262 optabat
722 3210 808 3244 naves.
820 3191 881 3245 vid.
897 3210 941 3260 xr,
955 3193 1066 3246 Metam.
1077 3195 1140 3260 555,
1160 3193 1230 3247 etad

165 3273 307 3327 exanimo.
723 3269 810 3323 Valer.
819 3271 888 3324 Flac.
898 3287 938 3337 tv,
949 3272 989 3337 48.
997 3273 1050 3324 Pro
1058 3278 1146 3325 catria
1155 3290 1229 3340 vero,

201 3353 240 3423 59.
261 3355 337 3419 Ergo.
355 3349 471 3423 Corripit
490 3350 533 3405 hic
554 3351 675 3406 ultimam
722 3358 778 3400 erat
785 3348 813 3403 in
820 3348 948 3401 Vossiano
955 3349 1043 3402 codice
1051 3355 1148 3417 renata,
1158 3349 1231 3419 quod

169 3425 295 3495 Ovidius,
307 3428 379 3498 quod
391 3430 482 3483 Heius.
493 3427 526 3482 ad
537 3446 556 3481 1.
565 3429 674 3499 Triste,
722 3435 761 3479 est
770 3430 878 3490 ianam
890 3436 921 3478 ut
932 3425 1013 3495 Epist.
1028 3428 1144 3496 s’11,37:

170 3503 218 3570 87,
233 3523 360 3574 umquam
370 3504 428 3561 fieri
438 3507 470 3562 ab
481 3505 579 3561 ovidio
590 3518 675 3578 negat
877 3516 985 3568 tantaque
996 3516 1078 3567 rupibus
1090 3517 1135 3555 aut·

200 3579 676 3652 60.1{ee·mitiprodimpelltcet1aada
721 3587 806 3628 ΒΜ
1061 3591 1137 3630 Bm·

160 3653 221 3720 sui!
238 3657 387 3714 Puteaneus
401 3672 428 3716 et
447 3661 488 3715 alii
507 3661 628 3715 nonnulli
643 3682 676 3715 ex
753 3661 1230 3731 ts.005noorpntnacanaoe.agaeon;

167 3728 331 3798 melioribus,
344 3738 460 3791 Etma'hr'.
475 3737 673 3807 Gronovianus,
721 3738 781 3791 libri
798 3757 890 3793 omnes
905 3740 993 3811 scripti
1012 3761 1019 3794 :
1035 3740 1081 3794 sed
1093 3746 1231 3808 prospexi,

167 3807 206 3858 Et
215 3808 268 3856 tibi.
279 3808 349 3861 Puto
360 3810 488 3867 Ovidium
499 3816 642 3885 scripsisse:
722 3814 792 3884 quod
809 3814 876 3868 Cios.
888 3827 916 3869 et
926 3818 1019 3872 Heius
1031 3819 1113 3888 magis
1124 3817 1232 3871 arride-

216 3892 243 3930 31
254 3892 290 3930 ⁰³·
302 3907 337 3944 em
349 3897 393 3936 tin
403 3902 472 3951 pom
484 3904 554 3944 susa.
566 3906 602 3943 rui.
721 3892 784 3957 bat,
798 3892 939 3947 confirmat
951 3896 1048 3949 Lucan.
1060 3912 1128 3960 cnr,
1141 3896 1180 3962 46.

170 3965 210 4020 Ut
219 3965 315 4019 Noster
327 3966 400 4021 alibi:
753 3972 795 4037 64.
808 3973 920 4039 Impetus
926 3980 963 4027 r're
968 3974 1032 4043 sue'l.
1047 3974 1111 4043 Quo
1119 3975 1194 4029 citius
1203 3974 1231 4029 in

215 4055 242 4094 aa
253 4065 289 4106 pm
299 4053 375 4092 uino·
386 4055 449 4098 uum
460 4061 530 4104 thau
541 4064 586 4105 turc.
598 4067 625 4105 11.
722 4048 854 4120 amplexus
868 4061 925 4107 tuos
938 4052 1075 4106 irruerem.
