2790 4696
379 1058 704 1146 EPISTOLAE
751 1057 997 1146 TERTIAE

493 1278 884 1348 ARGUMENTUM.

201 1496 356 1578 Postquam
371 1494 522 1582 Phrygiam
542 1494 639 1560 Graeci
659 1496 944 1580 adpuleront,'urhes
959 1496 1057 1579 Trojae
1071 1495 1222 1576 finitimas,

161 1601 360 1683 praecipueque
374 1600 469 1663 Lesbo
483 1599 584 1662 insulse
599 1603 763 1684 oppositas,
782 1601 880 1664 hostili
892 1623 972 1663 more
988 1603 1112 1687 aggressi
1127 1624 1223 1685 popo·

161 1707 213 1768 lori
226 1719 383 1791 ooepernnt.
405 1706 531 1768 Achilles
548 1706 662 1787 quidem
681 1720 830 1788 utramque
840 1706 987 1784 Ciliciam,
1000 1720 1030 1769 et
1040 1706 1224 1785 Thebanam,

159 1824 189 1874 et
211 1813 376 1895 Lyrnesiam
402 1812 513 1874 invasit.
539 1812 713 1895 Expugnato
735 1812 801 1873 inde
825 1811 985 1895 Chrynesio
1009 1812 1134 1895 oppido,
1153 1813 1224 1875 dnos

161 1919 274 2003 egregia
290 1918 380 1978 forma
395 1916 520 2002 virgines
539 1916 675 1994 abduxit,
697 1916 897 2001 Astynomen,
923 1916 1042 2000 Chrysae
1070 1918 1224 1981 sacerdotis

162 2023 266 2096 filiam3
290 2035 320 2084 ct
335 2022 571 2104 Hippodamiam,
593 2023 684 2085 Brisae
702 2035 813 2097 nalam3
836 2047 901 2105 quse
914 2037 1013 2106 postea
1030 2024 1225 2108 patronymico

163 2125 298 2210 Chryseis
323 2139 352 2188 et
369 2127 475 2189 Briseis
492 2126 699 2211 cognominatae
717 2141 794 2190 sunt.
819 2128 976 2210 Chryseida
996 2128 1122 2192 Achilles
1142 2128 1225 2215 Aga-

163 2232 308 2292 memnoni
324 2231 485 2308 concessit,
506 2244 613 2293 servata
628 2230 680 2293 sihi
694 2233 832 2294 Briseide.
1195 2235 1199 2243 “

204 2336 305 2411 Quum
328 2356 398 2399 vero
421 2335 618 2419 Agamemnon
640 2337 769 2398 Deorum
796 2339 876 2418 jussu
896 2359 975 2398 snam
991 2338 1111 2423 Chrysae
1132 2353 1226 2403 natam

164 2440 280 2502 reddere
291 2452 406 2502 coactus
418 2438 535 2517 luisset,
549 2439 656 2502 Achilli
672 2439 798 2501 Briseida
810 2461 861 2522 pec
877 2443 935 2505 vim
948 2443 1068 2524 eripuit,
1081 2445 1228 2527 iratusque

141 2551 144 2561 '
167 2545 292 2610 Achilles
310 2545 345 2607 ah
360 2546 444 2608 armis
456 2544 618 2627 aliquandiu
629 2546 745 2619 secessit
755 2590 765 2623 ,
776 2566 830 2607 nec
844 2546 909 2608 nllis
921 2546 1069 2629 precihus,
1080 2560 1129 2608 aul
1143 2548 1228 2612 donis

167 2653 278 2716 moveri
299 2652 414 2735 potuit,
434 2663 468 2711 nt
489 2652 558 2712 iram
581 2650 756 2732 deponeret3
776 2671 830 2712 nec
844 2650 932 2734 ipsam
953 2650 1078 2714 Briseida
1101 2652 1229 2733 recipere

165 2758 278 2835 voluit,
300 2758 426 2838 quamuis
441 2756 638 2840 Agamemnon
655 2755 697 2815 illi
710 2755 787 2816 ultro
798 2756 961 2818 remisisset.

207 2864 289 2924 llanc
300 2883 370 2946 ergo
386 2862 493 2923 Briseis
504 2857 653 2943 epistolam
664 2859 770 2920 Achilli
783 2861 889 2938 mittit,
911 2884 965 2943 qua
983 2861 1149 2922 ferociorem
1164 2863 1229 2924 ani-

167 2990 246 3030 mum
259 2966 406 3043 emolliat,
420 2977 451 3026 et
463 2966 582 3026 adarma
594 2977 728 3040 revocet,
743 2986 772 3028 se
786 2977 879 3029 omen
893 2968 972 3050 prius
981 2980 1103 3049 recepta.
1118 2970 1230 3048 (nous

169 3076 206 3139 ll.
219 3086 260 3155 A,
275 3087 318 3152 B,
333 3086 345 3134 1
360 3083 391 3134 et
405 3084 437 3134 11.
449 3071 551 3153 Dictys
565 3068 646 3133 Cret.
665 3072 724 3146 ιι.)
