2790 4696
500 358 884 429 nsunumcon.
1071 312 1076 321 ⁸
1154 363 1214 447 451

162 491 313 587 Lolligo,
333 494 471 594 durique
490 494 588 584 Sues,
607 497 807 599 sinuosaque
822 498 916 573 Caris
935 523 943 568 :
1139 552 1142 557 -
1174 526 1220 576 130

163 611 208 683 Et
223 627 288 682 tam
306 608 444 683 deformi
459 639 529 684 non
547 611 668 707 dignus
685 615 818 688 nomine
835 613 991 688 Asellus:

163 734 282 833 Tuque
295 735 493 834 peregrinis,
512 736 708 837 Acipenser,
726 736 852 811 nobilis
867 738 975 812 undis

163 1051 203 1106 sui
212 1053 668 1125 generis,piscisest0ppianoprope
715 1055 1112 1125 mailouaneAcipensere
1120 1056 1219 1113 Plinius

164 1130 228 1184 ostia
240 1128 389 1183 fluviorum.
398 1131 482 1184 Goon.
717 1133 758 1186 lib.
770 1151 814 1199 rx,
830 1154 884 1203 cap.
899 1151 974 1200 xvir,
989 1144 1016 1186 et
1029 1133 1095 1186 alibi.
1112 1134 1218 1202 Italico,

199 1209 254 1260 130.
273 1211 380 1276 Lolligo.
395 1208 498 1277 Pelagia
514 1218 552 1263 est
569 1208 669 1280 Lolligo
717 1213 843 1273 Stonbne,
852 1211 1121 1279 Gallieessstutgeon.
1132 1212 1220 1266 Sensit

164 1286 357 1356 magnaGsstt.
365 1287 463 1341 Plinius
470 1287 558 1341 multis
563 1288 590 1340 in
596 1288 668 1341 locis:
715 1309 822 1345 mecum
832 1291 986 1345 clarissimus
994 1290 1115 1344 Muretus
1126 1292 1221 1345 :etalii

165 1362 300 1430 AElianus,
318 1365 346 1417 in
358 1365 415 1419 libri
426 1382 455 1418 ιι
471 1365 553 1434 capite
568 1381 613 1418 ut.
628 1366 669 1418 Ex
716 1369 765 1421 viri
776 1367 956 1436 eruditissimi,
973 1369 1043 1420 inter
1060 1387 1124 1436 quos
1138 1369 1219 1422 Ron-

163 1442 282 1495 mollium
295 1463 407 1512 genere,
421 1445 487 1497 sieut
495 1443 625 1515 Polypus,
642 1455 669 1497 et
717 1445 840 1513 deletius,
849 1466 904 1516 cap.
915 1446 961 1498 ult.
973 1445 1015 1498 lib.
1028 1462 1085 1512 xlv,
1093 1445 1118 1498 id
1131 1445 1221 1500 litteris

164 1519 249 1589 Sepia
260 1522 411 1590 :proprium
423 1520 515 1588 habet,
525 1520 669 1574 intermol-
716 1523 911 1593 consignarunt
923 1523 959 1576 At
968 1522 1042 1576 aliter
1051 1522 1221 1589 Giscaserius,

164 1597 198 1650 lia
208 1609 238 1652 ut
249 1599 332 1666 volet,
345 1611 372 1652 et
383 1600 491 1653 volitans
501 1598 669 1653 Conchoead·
717 1602 762 1670 qui
773 1600 828 1654 haec
840 1610 915 1654 notat
929 1601 957 1652 in
969 1600 1018 1653 hac
1032 1600 1146 1654 secunda
1160 1600 1222 1654 edi-

164 1676 283 1746 lnoerens,
304 1689 332 1731 et
349 1680 385 1732 ita
404 1679 512 1748 allinus,
530 1689 575 1732 aut
591 1696 671 1732 arena
716 1679 797 1733 tione.
811 1678 853 1733 De
868 1678 1043 1748 Acipensere,
1057 1678 1157 1747 inquit,
1171 1698 1222 1731 va-

164 1773 219 1808 sese
225 1756 384 1821 suburram,
397 1757 556 1826 tempestatis
565 1745 671 1827 signum
716 1757 756 1811 ria
773 1767 811 1811 est
832 1758 902 1810 inter
918 1756 1056 1825 scriptores
1075 1757 1222 1822 sententia,

165 1841 224 1885 est:
241 1832 345 1887 vivendi
361 1835 474 1904 spatium
490 1843 544 1887 tam
561 1834 670 1904 Sepia,
717 1836 837 1904 quisnam
849 1836 898 1900 sit,
914 1845 941 1887 et
956 1853 1009 1903 quo
1025 1833 1093 1904 apud
1105 1853 1153 1888 nos
1170 1853 1220 1886 vo-

166 1928 245 1979 quam
258 1910 378 1980 Lolligini
389 1912 468 1965 breve
480 1922 526 1966 est
548 1913 671 1982 Namque
716 1923 791 1966 cetur
801 1912 1022 1966 nominetenus
1033 1911 1157 1965 eumdem
1169 1932 1222 1965 esse

165 1989 252 2058 paucis
275 1991 423 2058 excerptis,
459 1991 588 2044 bimatum
614 2010 670 2044 non
716 1991 843 2045 vulteum
856 1991 1124 2060 Ellopedeldmd·
1144 1989 1222 2058 idque

164 2066 299 2136 complent
314 2085 475 2138 :numquam
486 2068 521 2121 illi
537 2068 609 2121 deest
620 2087 670 2121 co·
717 2071 827 2140 probare
842 2068 979 2123 contendit
994 2068 1128 2122 nonnullis
1145 2088 1224 2139 argu·

164 2144 207 2215 pia
224 2144 383 2210 atramenti;
399 2145 452 2198 suis
465 2144 670 2215 promuscidibus
715 2148 821 2203 mentis.
843 2145 1015 2200 Rondeletius
1034 2145 1148 2200 diversos
1168 2166 1222 2202 esse

164 2222 246 2292 pisces
260 2233 379 2275 venatur.
401 2221 479 2278 Cror.
500 2252 534 2264 -
558 2224 670 2291 Den'que
715 2223 1224 2294 interseexistimat3Ellopenquesqua·

164 2302 234 2353 dites.
244 2302 448 2370 Din'quepassim
457 2303 518 2356 citat
528 2301 669 2356 Gesnerus.
716 2303 800 2370 mosi,
818 2303 1005 2372 Acipenserem
1021 2301 1161 2355 mastellini
1177 2323 1224 2372 ge·

164 2378 523 2447 Vur.-SinuosaqueCess.*
531 2379 668 2446 Praeclare,
716 2380 803 2444 neris;
821 2398 936 2448 eumque
949 2398 1022 2444 esse,
1037 2379 1082 2447 qui
1093 2378 1163 2449 apud
1174 2399 1224 2436 nos

164 2464 194 2508 ut
203 2456 309 2523 omnia,
325 2455 375 2510 hoc
384 2456 478 2510 vulnus
487 2458 586 2510 sanavit
596 2458 670 2511 Pan·
716 2459 807 2515 Sturio
822 2468 929 2512 vocatur
939 2472 946 2506 t
958 2457 1029 2526 quod
1045 2457 1152 2526 quidem
1167 2478 1223 2512 non

137 2568 143 2578 -
162 2532 300 2602 tegamus,
326 2533 387 2603 legit
399 2534 487 2600 enim,
505 2537 601 2587 Cestm.
620 2535 670 2588 Est
714 2536 801 2606 paucis
813 2535 957 2589 rationibus
966 2545 993 2588 et
1006 2544 1144 2588 auctorum
1155 2537 1223 2590 testi·

163 2621 253 2664 autem
263 2609 356 2665 Cestra
365 2652 372 2678 ,
382 2612 470 2682 piscis,
481 2630 538 2681 quse
546 2612 575 2666 in
585 2615 668 2683 capite
715 2612 811 2666 moniis
817 2612 965 2666 confirmae
973 2612 1070 2666 Paulus
1078 2623 1167 2666 tamen
1176 2615 1222 2666 Jo

163 2686 241 2741 habet
253 2688 318 2742 duos
329 2688 444 2754 acideos,
462 2690 554 2758 quihm
567 2689 669 2763 Thyn-
715 2691 772 2744 vius
784 2689 903 2744 Silurum
917 2691 1072 2745 sturionem
1083 2709 1137 2744 esse
1153 2710 1221 2746 nos-

163 2784 229 2819 num
240 2766 281 2819 vel
293 2767 404 2820 maxime
417 2767 538 2834 infestat,
557 2787 587 2822 ac
600 2787 668 2838 per·
715 2776 788 2821 trum
803 2768 950 2822 arbitratur.
968 2769 999 2822 ln
1013 2769 1061 2822 linc
1075 2779 1130 2822 tam
1143 2770 1220 2823 anci-

81 2912 82 2915 ,
162 2844 286 2914 sequitur.
298 2844 381 2898 Aldus
393 2844 454 2898 Aldi
465 2845 499 2899 N.
509 2847 667 2916 reponebat,
715 2844 862 2916 pitipupna
877 2845 1029 2916 perdifficile
1047 2856 1086 2899 est
1103 2864 1178 2899 nosse
1192 2846 1221 2897 in

168 2923 281 2984 Theseu
297 2941 350 2991 quo
366 2921 399 2974 de
415 2923 483 2990 pisce
496 2923 612 2991 Plinius,
624 2924 667 2980 lib.
715 2933 802 2976 utram
812 2924 895 2994 magis
908 2935 1010 2992 partem
1020 2922 1128 2976 inclinet
1138 2923 1221 2975 victo-

164 3015 260 3065 xxxrr,
284 3018 339 3068 cap.
357 3015 394 3051 xl.
409 2998 486 3053 Cloe.
500 3003 588 3064 can's,
607 3000 668 3055 libri
713 3000 760 3054 ria.
780 3002 840 3055 Hoc
854 3011 944 3054 tamen
959 2999 1219 3053 animadvertendum

162 3076 263 3145 scripti,
273 3086 300 3128 et
313 3076 437 3130 Pithoeus.
713 3078 849 3144 existimo,
868 3078 967 3130 mirum
983 3076 1064 3129 rideri
1077 3076 1220 3144 Acipense-

199 3153 252 3206 131.
274 3155 313 3205 Et
324 3159 377 3205 tam
390 3153 499 3221 desem?
509 3172 559 3206 noe
576 3155 667 3221 deknns
713 3171 772 3206 rem
784 3153 816 3205 ab
827 3152 925 3207 ovidio
936 3152 1106 3221 peregrinum
1117 3153 1219 3218 vocari,

163 3236 262 3282 nomine
272 3230 383 3282 Asellus.
397 3229 460 3282 Duo
469 3230 616 3284 Asellorurn
625 3251 667 3300 ge·
712 3229 735 3283 si
742 3238 832 3281 noster
840 3228 930 3282 Sturio
941 3229 989 3294 sit,
1002 3247 1083 3296 quum
1091 3247 1145 3282 non
1155 3248 1218 3299 pro·

164 3326 227 3360 nera
240 3324 247 3358 :
259 3306 390 3376 primum,
405 3300 480 3373 ἔκυς’,
496 3308 582 3361 Plinio
594 3311 666 3360 Bae-
713 3307 913 3361 culamoenibus
920 3306 1000 3360 Urbis
1008 3308 1035 3360 in
1043 3307 1146 3373 Tiberi,
1157 3328 1217 3361 vere

162 3388 225 3438 chus
240 3394 366 3446 vocatum
386 3383 414 3437 hi
430 3385 459 3437 in
473 3384 524 3438 alto
540 3386 607 3438 mari
622 3405 666 3438 ca-
712 3397 740 3439 et
747 3397 834 3439 estate
846 3386 983 3440 Sturiones
990 3385 1158 3439 laudatissimi
1167 3388 1220 3439 lre·

163 3463 271 3532 piuntur
282 3480 289 3514 :
300 3462 411 3515 alterum
422 3481 519 3532 genus,
536 3464 666 3515 Callanus
713 3474 825 3534 quenter
836 3465 979 3532 capiantur.
996 3465 1056 3516 Hoc
1072 3473 1160 3517 autem
1174 3484 1216 3516 ar-

162 3539 665 3609 dicitur:lit0ralisest;latetplurimum
713 3541 1217 3614 gumentosaeilecredipossealiumesse

162 3617 294 3686 temporis.
305 3615 384 3671 Ctor.
714 3619 1217 3689 Acipenserem,quieremotismaribus

196 3695 249 3751 132.
272 3697 505 3766 Tuqueperegn'nis,
517 3696 664 3762 Acr'penser,
712 3696 828 3751 Romam
838 3696 898 3750 vehi
912 3698 1001 3751 solitus
1009 3688 1082 3751 escit.
1095 3695 1173 3752 Cror.

564 3895 801 3925 *-
