<?xml version="1.0" encoding="UTF-8"?>
<!DOCTYPE html PUBLIC "-//W3C//DTD XHTML 1.0 Transitional//EN"
    "http://www.w3.org/TR/xhtml1/DTD/xhtml1-transitional.dtd">
<html xmlns="http://www.w3.org/1999/xhtml" xml:lang="en" lang="en">
 <head>
  <title>
</title>
<meta http-equiv="Content-Type" content="text/html;charset=utf-8" />
  <meta name='ocr-system' content='tesseract 3.04.00' />
  <meta name='ocr-capabilities' content='ocr_page ocr_carea ocr_par ocr_line ocrx_word'/>
</head>
<body>
  <div class='ocr_page' id='page_1' title='image "./publiiovidiinas06massgoog/publiiovidiinas06massgoog_0454.png"; bbox 0 0 2754 5160; ppageno 0'>
   <div class='ocr_carea' id='block_1_1' title="bbox 522 425 525 437">
    <p class='ocr_par' dir='ltr' id='par_1_1' title="bbox 522 425 525 437">
     <span class='ocr_line' id='line_1_1' title="bbox 522 425 525 437; baseline 0 0"><span class='ocrx_word' id='word_1_1' title='bbox 522 425 525 437; x_wconf 73' lang='lat' dir='ltr'><strong>l</strong></span> 
     </span>
    </p>
   </div>
   <div class='ocr_carea' id='block_1_2' title="bbox 151 750 973 837">
    <p class='ocr_par' dir='ltr' id='par_1_2' title="bbox 151 750 973 837">
     <span class='ocr_line' id='line_1_2' title="bbox 151 750 973 837; baseline 0 -15"><span class='ocrx_word' id='word_1_2' title='bbox 151 753 215 837; x_wconf 73' lang='lat'><strong>432</strong></span> <span class='ocrx_word' id='word_1_3' title='bbox 365 750 435 819; x_wconf 76' lang='lat' dir='ltr'><strong>An</strong></span> <span class='ocrx_word' id='word_1_4' title='bbox 462 750 657 821; x_wconf 75' lang='lat' dir='ltr'><strong>armatu</strong></span> <span class='ocrx_word' id='word_1_5' title='bbox 681 750 973 822; x_wconf 73' lang='lat' dir='ltr'><strong>nocuerant</strong></span> 
     </span>
    </p>
   </div>
   <div class='ocr_carea' id='block_1_3' title="bbox 150 890 1216 3192">
    <p class='ocr_par' dir='ltr' id='par_1_3' title="bbox 150 890 1216 3192">
     <span class='ocr_line' id='line_1_3' title="bbox 150 890 942 991; baseline -0.008 -20"><span class='ocrx_word' id='word_1_6' title='bbox 150 893 374 991; x_wconf 78' lang='lat' dir='ltr'><strong>Admovitque</strong></span> <span class='ocrx_word' id='word_1_7' title='bbox 391 919 523 991; x_wconf 87' lang='lat' dir='ltr'><strong>preces,</strong></span> <span class='ocrx_word' id='word_1_8' title='bbox 540 908 573 964; x_wconf 91' lang='lat' dir='ltr'><strong>ct</strong></span> <span class='ocrx_word' id='word_1_9' title='bbox 587 891 640 988; x_wconf 88' lang='lat' dir='ltr'><strong>jus</strong></span> <span class='ocrx_word' id='word_1_10' title='bbox 656 891 835 964; x_wconf 91' lang='lat' dir='ltr'><strong>immiscuit</strong></span> <span class='ocrx_word' id='word_1_11' title='bbox 852 890 942 980; x_wconf 89' lang='lat' dir='ltr'><strong>illis;</strong></span> 
     </span>
     <span class='ocr_line' id='line_1_4' title="bbox 200 1005 883 1107; baseline -0.004 -25"><span class='ocrx_word' id='word_1_12' title='bbox 200 1007 367 1107; x_wconf 80' lang='lat' dir='ltr'><strong>Aridaque</strong></span> <span class='ocrx_word' id='word_1_13' title='bbox 384 1005 498 1079; x_wconf 78' lang='lat' dir='ltr'><strong>adfusa</strong></span> <span class='ocrx_word' id='word_1_14' title='bbox 513 1023 646 1101; x_wconf 85' lang='lat' dir='ltr'><strong>guttura</strong></span> <span class='ocrx_word' id='word_1_15' title='bbox 663 1006 763 1079; x_wconf 80' lang='lat' dir='ltr'><strong>tinxit</strong></span> <span class='ocrx_word' id='word_1_16' title='bbox 779 1034 883 1105; x_wconf 89' lang='lat' dir='ltr'><strong>aqua;</strong></span> 
     </span>
     <span class='ocr_line' id='line_1_5' title="bbox 151 1119 961 1221; baseline -0.004 -23"><span class='ocrx_word' id='word_1_17' title='bbox 151 1126 220 1198; x_wconf 85' lang='lat' dir='ltr'><strong>Nec</strong></span> <span class='ocrx_word' id='word_1_18' title='bbox 236 1121 346 1193; x_wconf 94' lang='lat' dir='ltr'><strong>minor</strong></span> <span class='ocrx_word' id='word_1_19' title='bbox 361 1137 411 1191; x_wconf 88' lang='lat' dir='ltr'><strong>cst</strong></span> <span class='ocrx_word' id='word_1_20' title='bbox 427 1137 505 1191; x_wconf 90' lang='lat' dir='ltr'><strong>nato</strong></span> <span class='ocrx_word' id='word_1_21' title='bbox 522 1119 685 1193; x_wconf 79' lang='lat' dir='ltr'><strong>servandac</strong></span> <span class='ocrx_word' id='word_1_22' title='bbox 702 1148 779 1193; x_wconf 92' lang='lat' dir='ltr'><strong>cura</strong></span> <span class='ocrx_word' id='word_1_23' title='bbox 793 1122 961 1221; x_wconf 89' lang='lat' dir='ltr'><strong>parentis:</strong></span> 
     </span>
     <span class='ocr_line' id='line_1_6' title="bbox 201 1231 996 1338; baseline 0.001 -30"><span class='ocrx_word' id='word_1_24' title='bbox 201 1236 266 1309; x_wconf 91' lang='lat' dir='ltr'><strong>llic</strong></span> <span class='ocrx_word' id='word_1_25' title='bbox 283 1233 419 1307; x_wconf 78' lang='lat' dir='ltr'>adhibet</span> <span class='ocrx_word' id='word_1_26' title='bbox 433 1231 588 1321; x_wconf 86' lang='lat' dir='ltr'><strong>blandas,</strong></span> <span class='ocrx_word' id='word_1_27' title='bbox 603 1262 665 1307; x_wconf 88' lang='lat' dir='ltr'><strong>nec</strong></span> <span class='ocrx_word' id='word_1_28' title='bbox 678 1235 749 1310; x_wconf 89' lang='lat' dir='ltr'><strong>sine</strong></span> <span class='ocrx_word' id='word_1_29' title='bbox 764 1236 854 1334; x_wconf 77' lang='lat' dir='ltr'><strong>jure,</strong></span> <span class='ocrx_word' id='word_1_30' title='bbox 871 1264 996 1338; x_wconf 85' lang='lat' dir='ltr'><strong>preces.</strong></span> 
     </span>
     <span class='ocr_line' id='line_1_7' title="bbox 155 1349 1216 1451; baseline -0.001 -24"><span class='ocrx_word' id='word_1_31' title='bbox 155 1352 315 1451; x_wconf 80' lang='lat' dir='ltr'><strong>Conjugis</strong></span> <span class='ocrx_word' id='word_1_32' title='bbox 331 1368 365 1423; x_wconf 88' lang='lat' dir='ltr'><strong>et</strong></span> <span class='ocrx_word' id='word_1_33' title='bbox 379 1349 449 1444; x_wconf 84' lang='lat' dir='ltr'><strong>nati</strong></span> <span class='ocrx_word' id='word_1_34' title='bbox 465 1349 618 1422; x_wconf 90' lang='lat' dir='ltr'><strong>meritum</strong></span> <span class='ocrx_word' id='word_1_35' title='bbox 633 1351 783 1450; x_wconf 82' lang='lat' dir='ltr'><strong>pervenit</strong></span> <span class='ocrx_word' id='word_1_36' title='bbox 798 1352 839 1424; x_wconf 89' lang='lat' dir='ltr'><strong>ad</strong></span> <span class='ocrx_word' id='word_1_37' title='bbox 855 1381 991 1426; x_wconf 86' lang='lat' dir='ltr'><strong>omnes:</strong></span> <span class='ocrx_word' id='word_1_38' title='bbox 1167 1375 1216 1441; x_wconf 74' lang='lat'><strong>425</strong></span> 
     </span>
     <span class='ocr_line' id='line_1_8' title="bbox 203 1464 926 1566; baseline 0.001 -26"><span class='ocrx_word' id='word_1_39' title='bbox 203 1465 363 1562; x_wconf 81' lang='lat' dir='ltr'><strong>Conjugis</strong></span> <span class='ocrx_word' id='word_1_40' title='bbox 381 1481 414 1536; x_wconf 91' lang='lat' dir='ltr'><strong>et</strong></span> <span class='ocrx_word' id='word_1_41' title='bbox 430 1464 518 1550; x_wconf 93' lang='lat' dir='ltr'><strong>nati,</strong></span> <span class='ocrx_word' id='word_1_42' title='bbox 536 1464 643 1550; x_wconf 85' lang='lat' dir='ltr'><strong>Liria,</strong></span> <span class='ocrx_word' id='word_1_43' title='bbox 669 1492 785 1565; x_wconf 88' lang='lat' dir='ltr'><strong>sospes</strong></span> <span class='ocrx_word' id='word_1_44' title='bbox 800 1490 864 1566; x_wconf 71' lang='lat' dir='ltr'><strong>qte</strong></span> <span class='ocrx_word' id='word_1_45' title='bbox 881 1496 926 1541; x_wconf 90' lang='lat' dir='ltr'><strong>es.</strong></span> 
     </span>
     <span class='ocr_line' id='line_1_9' title="bbox 153 1576 1068 1681; baseline 0 -26"><span class='ocrx_word' id='word_1_46' title='bbox 153 1581 328 1681; x_wconf 89' lang='lat' dir='ltr'><strong>Supprime</strong></span> <span class='ocrx_word' id='word_1_47' title='bbox 343 1578 409 1677; x_wconf 87' lang='lat' dir='ltr'><strong>jam</strong></span> <span class='ocrx_word' id='word_1_48' title='bbox 422 1576 571 1651; x_wconf 78' lang='lat' dir='ltr'>lacrimas</span> <span class='ocrx_word' id='word_1_49' title='bbox 586 1607 594 1650; x_wconf 92' lang='lat'><strong>:</strong></span> <span class='ocrx_word' id='word_1_50' title='bbox 607 1605 676 1651; x_wconf 93' lang='lat' dir='ltr'><strong>non</strong></span> <span class='ocrx_word' id='word_1_51' title='bbox 693 1597 745 1653; x_wconf 85' lang='lat' dir='ltr'><strong>est</strong></span> <span class='ocrx_word' id='word_1_52' title='bbox 759 1581 955 1656; x_wconf 83' lang='lat' dir='ltr'><strong>revocabilis</strong></span> <span class='ocrx_word' id='word_1_53' title='bbox 972 1581 1068 1670; x_wconf 84' lang='lat' dir='ltr'><strong>istis,</strong></span> 
     </span>
     <span class='ocr_line' id='line_1_10' title="bbox 203 1691 967 1792; baseline 0.004 -25"><span class='ocrx_word' id='word_1_54' title='bbox 203 1697 312 1792; x_wconf 83' lang='lat' dir='ltr'>Quem</span> <span class='ocrx_word' id='word_1_55' title='bbox 328 1691 428 1766; x_wconf 88' lang='lat' dir='ltr'><strong>semel</strong></span> <span class='ocrx_word' id='word_1_56' title='bbox 444 1691 624 1766; x_wconf 80' lang='lat' dir='ltr'><strong>umbrifera</strong></span> <span class='ocrx_word' id='word_1_57' title='bbox 638 1695 747 1768; x_wconf 81' lang='lat' dir='ltr'><strong>navita</strong></span> <span class='ocrx_word' id='word_1_58' title='bbox 763 1694 861 1771; x_wconf 85' lang='lat' dir='ltr'>lintre</span> <span class='ocrx_word' id='word_1_59' title='bbox 878 1695 967 1770; x_wconf 85' lang='lat' dir='ltr'><strong>tulit</strong></span> 
     </span>
     <span class='ocr_line' id='line_1_11' title="bbox 154 1806 919 1901; baseline 0 -15"><span class='ocrx_word' id='word_1_60' title='bbox 154 1813 298 1885; x_wconf 81' lang='lat' dir='ltr'>Hectora</span> <span class='ocrx_word' id='word_1_61' title='bbox 315 1825 366 1880; x_wconf 93' lang='lat' dir='ltr'><strong>tot</strong></span> <span class='ocrx_word' id='word_1_62' title='bbox 380 1806 514 1896; x_wconf 79' lang='lat' dir='ltr'><strong>fratres,</strong></span> <span class='ocrx_word' id='word_1_63' title='bbox 533 1824 585 1881; x_wconf 92' lang='lat' dir='ltr'><strong>tot</strong></span> <span class='ocrx_word' id='word_1_64' title='bbox 601 1808 756 1884; x_wconf 86' lang='lat' dir='ltr'><strong>dellevere</strong></span> <span class='ocrx_word' id='word_1_65' title='bbox 771 1840 919 1901; x_wconf 87' lang='lat' dir='ltr'><strong>sorores;</strong></span> 
     </span>
     <span class='ocr_line' id='line_1_12' title="bbox 202 1925 1215 2029; baseline 0 -29"><span class='ocrx_word' id='word_1_66' title='bbox 202 1931 248 2001; x_wconf 83' lang='lat' dir='ltr'><strong>Et</strong></span> <span class='ocrx_word' id='word_1_67' title='bbox 263 1943 374 2026; x_wconf 92' lang='lat' dir='ltr'><strong>pater,</strong></span> <span class='ocrx_word' id='word_1_68' title='bbox 392 1941 426 1998; x_wconf 89' lang='lat' dir='ltr'><strong>et</strong></span> <span class='ocrx_word' id='word_1_69' title='bbox 440 1925 577 2024; x_wconf 86' lang='lat' dir='ltr'><strong>conjux,</strong></span> <span class='ocrx_word' id='word_1_70' title='bbox 593 1927 826 2028; x_wconf 78' lang='lat' dir='ltr'><strong>Astyanaxque</strong></span> <span class='ocrx_word' id='word_1_71' title='bbox 844 1956 945 2029; x_wconf 88' lang='lat' dir='ltr'><strong>puer,</strong></span> <span class='ocrx_word' id='word_1_72' title='bbox 1167 1948 1215 2017; x_wconf 65' lang='grc' dir='ltr'><strong>βυ</strong></span> 
     </span>
     <span class='ocr_line' id='line_1_13' title="bbox 154 2038 1082 2140; baseline 0.002 -24"><span class='ocrx_word' id='word_1_73' title='bbox 154 2046 200 2116; x_wconf 87' lang='lat' dir='ltr'><strong>Et</strong></span> <span class='ocrx_word' id='word_1_74' title='bbox 216 2040 361 2136; x_wconf 72' lang='lat' dir='ltr'><strong>longeva</strong></span> <span class='ocrx_word' id='word_1_75' title='bbox 377 2067 496 2140; x_wconf 86' lang='lat' dir='ltr'><strong>parens</strong></span> <span class='ocrx_word' id='word_1_76' title='bbox 510 2068 518 2111; x_wconf 93' lang='lat'><strong>:</strong></span> <span class='ocrx_word' id='word_1_77' title='bbox 532 2056 640 2112; x_wconf 93' lang='lat' dir='ltr'><strong>tamen</strong></span> <span class='ocrx_word' id='word_1_78' title='bbox 661 2038 716 2114; x_wconf 90' lang='lat' dir='ltr'><strong>ille</strong></span> <span class='ocrx_word' id='word_1_79' title='bbox 731 2043 896 2118; x_wconf 78' lang='lat' dir='ltr'><strong>redemtus</strong></span> <span class='ocrx_word' id='word_1_80' title='bbox 914 2045 1082 2139; x_wconf 70' lang='lat' dir='ltr'><strong>artigues,</strong></span> 
     </span>
     <span class='ocr_line' id='line_1_14' title="bbox 203 2153 995 2259; baseline 0.001 -29"><span class='ocrx_word' id='word_1_81' title='bbox 203 2155 368 2255; x_wconf 79' lang='lat' dir='ltr'><strong>Nullaque</strong></span> <span class='ocrx_word' id='word_1_82' title='bbox 385 2181 444 2254; x_wconf 91' lang='lat' dir='ltr'><strong>per</strong></span> <span class='ocrx_word' id='word_1_83' title='bbox 460 2153 590 2255; x_wconf 83' lang='lat' dir='ltr'><strong>Stygias</strong></span> <span class='ocrx_word' id='word_1_84' title='bbox 606 2153 724 2229; x_wconf 90' lang='lat' dir='ltr'><strong>umbra</strong></span> <span class='ocrx_word' id='word_1_85' title='bbox 739 2159 866 2232; x_wconf 85' lang='lat' dir='ltr'><strong>renavit</strong></span> <span class='ocrx_word' id='word_1_86' title='bbox 881 2187 995 2259; x_wconf 89' lang='lat' dir='ltr'><strong>aquas.</strong></span> 
     </span>
     <span class='ocr_line' id='line_1_15' title="bbox 157 2268 1032 2370; baseline 0 -25"><span class='ocrx_word' id='word_1_87' title='bbox 157 2271 309 2366; x_wconf 80' lang='lat' dir='ltr'><strong>Contigit</strong></span> <span class='ocrx_word' id='word_1_88' title='bbox 323 2269 390 2341; x_wconf 87' lang='lat' dir='ltr'><strong>hoc</strong></span> <span class='ocrx_word' id='word_1_89' title='bbox 407 2269 505 2343; x_wconf 90' lang='lat' dir='ltr'><strong>etiam</strong></span> <span class='ocrx_word' id='word_1_90' title='bbox 520 2268 677 2342; x_wconf 80' lang='lat' dir='ltr'><strong>Thetidi:</strong></span> <span class='ocrx_word' id='word_1_91' title='bbox 692 2270 872 2370; x_wconf 81' lang='lat' dir='ltr'><strong>populator</strong></span> <span class='ocrx_word' id='word_1_92' title='bbox 886 2272 1032 2348; x_wconf 81' lang='lat' dir='ltr'><strong>Achilles</strong></span> 
     </span>
     <span class='ocr_line' id='line_1_16' title="bbox 203 2383 873 2484; baseline 0 -24"><span class='ocrx_word' id='word_1_93' title='bbox 203 2387 302 2462; x_wconf 90' lang='lat' dir='ltr'><strong>Iliaca</strong></span> <span class='ocrx_word' id='word_1_94' title='bbox 318 2385 478 2458; x_wconf 84' lang='lat' dir='ltr'><strong>ambustis</strong></span> <span class='ocrx_word' id='word_1_95' title='bbox 495 2383 627 2457; x_wconf 85' lang='lat' dir='ltr'><strong>ossibus</strong></span> <span class='ocrx_word' id='word_1_96' title='bbox 643 2411 716 2457; x_wconf 83' lang='lat' dir='ltr'><strong>arra</strong></span> <span class='ocrx_word' id='word_1_97' title='bbox 733 2387 873 2484; x_wconf 87' lang='lat' dir='ltr'><strong>premit:</strong></span> 
     </span>
     <span class='ocr_line' id='line_1_17' title="bbox 156 2501 873 2600; baseline -0.007 -22"><span class='ocrx_word' id='word_1_98' title='bbox 156 2505 210 2578; x_wconf 92' lang='lat' dir='ltr'><strong>llli</strong></span> <span class='ocrx_word' id='word_1_99' title='bbox 225 2502 396 2578; x_wconf 73' lang='lat' dir='ltr'><strong>ceruleum</strong></span> <span class='ocrx_word' id='word_1_100' title='bbox 413 2501 549 2600; x_wconf 89' lang='lat' dir='ltr'><strong>Panope</strong></span> <span class='ocrx_word' id='word_1_101' title='bbox 563 2516 735 2573; x_wconf 86' lang='lat' dir='ltr'><strong>matertera</strong></span> <span class='ocrx_word' id='word_1_102' title='bbox 752 2502 873 2575; x_wconf 90' lang='lat' dir='ltr'><strong>crinem</strong></span> 
     </span>
     <span class='ocr_line' id='line_1_18' title="bbox 204 2614 971 2717; baseline -0.001 -26"><span class='ocrx_word' id='word_1_103' title='bbox 204 2617 327 2704; x_wconf 86' lang='lat' dir='ltr'><strong>Solvit,</strong></span> <span class='ocrx_word' id='word_1_104' title='bbox 346 2633 379 2689; x_wconf 93' lang='lat' dir='ltr'><strong>ct</strong></span> <span class='ocrx_word' id='word_1_105' title='bbox 395 2616 569 2687; x_wconf 89' lang='lat' dir='ltr'><strong>immensas</strong></span> <span class='ocrx_word' id='word_1_106' title='bbox 585 2614 718 2688; x_wconf 83' lang='lat' dir='ltr'><strong>fletibus</strong></span> <span class='ocrx_word' id='word_1_107' title='bbox 736 2618 826 2689; x_wconf 85' lang='lat' dir='ltr'><strong>aurit</strong></span> <span class='ocrx_word' id='word_1_108' title='bbox 843 2643 971 2717; x_wconf 87' lang='lat' dir='ltr'><strong>aquas;</strong></span> 
     </span>
     <span class='ocr_line' id='line_1_19' title="bbox 158 2727 1024 2832; baseline -0.007 -23"><span class='ocrx_word' id='word_1_109' title='bbox 158 2736 402 2832; x_wconf 85' lang='lat' dir='ltr'><strong>Consortesque</strong></span> <span class='ocrx_word' id='word_1_110' title='bbox 420 2731 497 2804; x_wconf 81' lang='lat' dir='ltr'><strong>lteae</strong></span> <span class='ocrx_word' id='word_1_111' title='bbox 515 2746 662 2814; x_wconf 87' lang='lat' dir='ltr'><strong>centurn,</strong></span> <span class='ocrx_word' id='word_1_112' title='bbox 680 2727 891 2831; x_wconf 75' lang='lat' dir='ltr'><strong>longaevaque</strong></span> <span class='ocrx_word' id='word_1_113' title='bbox 909 2732 1024 2826; x_wconf 77' lang='lat' dir='ltr'><strong>magni</strong></span> 
     </span>
     <span class='ocr_line' id='line_1_20' title="bbox 206 2851 845 2950; baseline -0.008 -21"><span class='ocrx_word' id='word_1_114' title='bbox 206 2854 330 2930; x_wconf 84' lang='lat' dir='ltr'><strong>Oceani</strong></span> <span class='ocrx_word' id='word_1_115' title='bbox 348 2852 483 2950; x_wconf 81' lang='lat' dir='ltr'><strong>conjux,</strong></span> <span class='ocrx_word' id='word_1_116' title='bbox 500 2851 717 2950; x_wconf 89' lang='lat' dir='ltr'><strong>Oceanusque</strong></span> <span class='ocrx_word' id='word_1_117' title='bbox 734 2869 845 2950; x_wconf 82' lang='lat' dir='ltr'><strong>patcr3</strong></span> 
     </span>
     <span class='ocr_line' id='line_1_21' title="bbox 157 2973 1214 3078; baseline 0.001 -31"><span class='ocrx_word' id='word_1_118' title='bbox 157 2979 203 3048; x_wconf 89' lang='lat' dir='ltr'><strong>Et</strong></span> <span class='ocrx_word' id='word_1_119' title='bbox 217 2976 334 3049; x_wconf 87' lang='lat' dir='ltr'><strong>Thetis</strong></span> <span class='ocrx_word' id='word_1_120' title='bbox 353 2991 427 3047; x_wconf 88' lang='lat' dir='ltr'><strong>ante</strong></span> <span class='ocrx_word' id='word_1_121' title='bbox 446 3001 579 3045; x_wconf 90' lang='lat' dir='ltr'><strong>omnes:</strong></span> <span class='ocrx_word' id='word_1_122' title='bbox 595 2973 652 3046; x_wconf 90' lang='lat' dir='ltr'><strong>sed</strong></span> <span class='ocrx_word' id='word_1_123' title='bbox 669 3001 729 3046; x_wconf 93' lang='lat' dir='ltr'><strong>nec</strong></span> <span class='ocrx_word' id='word_1_124' title='bbox 742 2973 858 3047; x_wconf 86' lang='lat' dir='ltr'><strong>Thetis</strong></span> <span class='ocrx_word' id='word_1_125' title='bbox 872 2974 963 3074; x_wconf 92' lang='lat' dir='ltr'><strong>ipsa,</strong></span> <span class='ocrx_word' id='word_1_126' title='bbox 980 3003 1091 3078; x_wconf 89' lang='lat' dir='ltr'><strong>neque</strong></span> <span class='ocrx_word' id='word_1_127' title='bbox 1105 3003 1214 3050; x_wconf 88' lang='lat' dir='ltr'><strong>omnes</strong></span> 
     </span>
     <span class='ocr_line' id='line_1_22' title="bbox 205 3094 1213 3192; baseline -0.002 -25"><span class='ocrx_word' id='word_1_128' title='bbox 205 3097 381 3167; x_wconf 86' lang='lat' dir='ltr'><strong>Mutarunt</strong></span> <span class='ocrx_word' id='word_1_129' title='bbox 398 3094 483 3166; x_wconf 91' lang='lat' dir='ltr'><strong>avidi</strong></span> <span class='ocrx_word' id='word_1_130' title='bbox 501 3094 607 3166; x_wconf 85' lang='lat' dir='ltr'><strong>tristia</strong></span> <span class='ocrx_word' id='word_1_131' title='bbox 621 3094 695 3192; x_wconf 91' lang='lat' dir='ltr'><strong>jura</strong></span> <span class='ocrx_word' id='word_1_132' title='bbox 711 3094 784 3166; x_wconf 89' lang='lat' dir='ltr'><strong>Dei.</strong></span> <span class='ocrx_word' id='word_1_133' title='bbox 1160 3118 1213 3185; x_wconf 72' lang='lat'><strong>440</strong></span> 
     </span>
    </p>
   </div>
   <div class='ocr_carea' id='block_1_4' title="bbox 157 3216 1086 3316">
    <p class='ocr_par' dir='ltr' id='par_1_4' title="bbox 157 3216 1086 3316">
     <span class='ocr_line' id='line_1_23' title="bbox 157 3216 1086 3316; baseline 0.003 -27"><span class='ocrx_word' id='word_1_134' title='bbox 157 3216 270 3291; x_wconf 87' lang='lat' dir='ltr'><strong>Prisca</strong></span> <span class='ocrx_word' id='word_1_135' title='bbox 288 3216 368 3316; x_wconf 91' lang='lat' dir='ltr'><strong>quid</strong></span> <span class='ocrx_word' id='word_1_136' title='bbox 385 3216 450 3288; x_wconf 90' lang='lat' dir='ltr'><strong>huc</strong></span> <span class='ocrx_word' id='word_1_137' title='bbox 467 3217 606 3315; x_wconf 84' lang='lat' dir='ltr'><strong>repeto?</strong></span> <span class='ocrx_word' id='word_1_138' title='bbox 623 3216 817 3291; x_wconf 90' lang='lat' dir='ltr'><strong>Marcellum</strong></span> <span class='ocrx_word' id='word_1_139' title='bbox 834 3220 973 3294; x_wconf 89' lang='lat' dir='ltr'><strong>Octavia</strong></span> <span class='ocrx_word' id='word_1_140' title='bbox 990 3221 1086 3306; x_wconf 87' lang='lat' dir='ltr'><strong>llerit&#39;,</strong></span> 
     </span>
    </p>
   </div>
   <div class='ocr_carea' id='block_1_5' title="bbox 29 3401 1216 4563">
    <p class='ocr_par' dir='ltr' id='par_1_5' title="bbox 157 3401 1211 3475">
     <span class='ocr_line' id='line_1_24' title="bbox 157 3401 1211 3475; baseline -0.001 -15"><span class='ocrx_word' id='word_1_141' title='bbox 157 3407 216 3470; x_wconf 85' lang='lat' dir='ltr'><strong>bat;</strong></span> <span class='ocrx_word' id='word_1_142' title='bbox 235 3425 284 3460; x_wconf 89' lang='lat' dir='ltr'><strong>nec</strong></span> <span class='ocrx_word' id='word_1_143' title='bbox 298 3404 368 3458; x_wconf 89' lang='lat' dir='ltr'><strong>luctu</strong></span> <span class='ocrx_word' id='word_1_144' title='bbox 379 3422 487 3456; x_wconf 83' lang='lat' dir='ltr'><strong>enorum</strong></span> <span class='ocrx_word' id='word_1_145' title='bbox 498 3401 661 3457; x_wconf 78' lang='lat' dir='ltr'><strong>inclinandus</strong></span> <span class='ocrx_word' id='word_1_146' title='bbox 709 3405 763 3472; x_wconf 82' lang='lat' dir='ltr'><strong>die,</strong></span> <span class='ocrx_word' id='word_1_147' title='bbox 773 3425 830 3475; x_wconf 72' lang='lat' dir='ltr'><strong>que</strong></span> <span class='ocrx_word' id='word_1_148' title='bbox 839 3405 947 3460; x_wconf 84' lang='lat' dir='ltr'><strong>Achillis</strong></span> <span class='ocrx_word' id='word_1_149' title='bbox 959 3417 1055 3473; x_wconf 86' lang='lat' dir='ltr'><strong>mater,</strong></span> <span class='ocrx_word' id='word_1_150' title='bbox 1064 3406 1147 3461; x_wconf 77' lang='lat' dir='ltr'><strong>crines</strong></span> <span class='ocrx_word' id='word_1_151' title='bbox 1153 3424 1211 3459; x_wconf 81' lang='lat' dir='ltr'><strong>snos</strong></span> 
     </span>
    </p>

    <p class='ocr_par' dir='ltr' id='par_1_6' title="bbox 158 3481 1212 3551">
     <span class='ocr_line' id='line_1_25' title="bbox 158 3481 1212 3551; baseline -0.001 -14"><span class='ocrx_word' id='word_1_152' title='bbox 158 3495 215 3537; x_wconf 89' lang='lat' dir='ltr'><strong>erat</strong></span> <span class='ocrx_word' id='word_1_153' title='bbox 227 3495 275 3538; x_wconf 82' lang='lat' dir='ltr'><strong>etc</strong></span> <span class='ocrx_word' id='word_1_154' title='bbox 296 3506 309 3530; x_wconf 71' lang='lat' dir='ltr'><strong>a</strong></span> <span class='ocrx_word' id='word_1_155' title='bbox 329 3481 407 3536; x_wconf 85' lang='lat' dir='ltr'><strong>Certe</strong></span> <span class='ocrx_word' id='word_1_156' title='bbox 424 3501 479 3534; x_wconf 92' lang='lat' dir='ltr'><strong>non</strong></span> <span class='ocrx_word' id='word_1_157' title='bbox 494 3481 658 3548; x_wconf 75' lang='lat' dir='ltr'><strong>malefortis,</strong></span> <span class='ocrx_word' id='word_1_158' title='bbox 708 3484 791 3548; x_wconf 82' lang='lat' dir='ltr'><strong>solvit,</strong></span> <span class='ocrx_word' id='word_1_159' title='bbox 800 3484 886 3536; x_wconf 85' lang='lat' dir='ltr'><strong>audita</strong></span> <span class='ocrx_word' id='word_1_160' title='bbox 896 3487 969 3537; x_wconf 64' lang='lat' dir='ltr'><strong>attus</strong></span> <span class='ocrx_word' id='word_1_161' title='bbox 982 3483 1111 3551; x_wconf 78' lang='lat' dir='ltr'><strong>(Achillis)</strong></span> <span class='ocrx_word' id='word_1_162' title='bbox 1122 3495 1212 3537; x_wconf 84' lang='lat' dir='ltr'><strong>morte.</strong></span> 
     </span>
    </p>

    <p class='ocr_par' dir='ltr' id='par_1_7' title="bbox 158 3559 1213 3632">
     <span class='ocr_line' id='line_1_26' title="bbox 158 3559 1213 3632; baseline 0.001 -18"><span class='ocrx_word' id='word_1_163' title='bbox 158 3580 215 3632; x_wconf 79' lang='lat' dir='ltr'><strong>quae</strong></span> <span class='ocrx_word' id='word_1_164' title='bbox 228 3562 305 3616; x_wconf 84' lang='lat' dir='ltr'><strong>talem</strong></span> <span class='ocrx_word' id='word_1_165' title='bbox 317 3581 344 3615; x_wconf 81' lang='lat' dir='ltr'><strong>se</strong></span> <span class='ocrx_word' id='word_1_166' title='bbox 359 3560 454 3613; x_wconf 86' lang='lat' dir='ltr'><strong>mulier</strong></span> <span class='ocrx_word' id='word_1_167' title='bbox 468 3559 622 3629; x_wconf 60' lang='lat' dir='ltr'><strong>praetiterit.</strong></span> <span class='ocrx_word' id='word_1_168' title='bbox 709 3561 750 3614; x_wconf 88' lang='lat' dir='ltr'><strong>De</strong></span> <span class='ocrx_word' id='word_1_169' title='bbox 776 3562 848 3615; x_wconf 83' lang='lat' dir='ltr'><strong>luctu</strong></span> <span class='ocrx_word' id='word_1_170' title='bbox 870 3580 933 3613; x_wconf 84' lang='lat' dir='ltr'><strong>vero</strong></span> <span class='ocrx_word' id='word_1_171' title='bbox 951 3562 1094 3628; x_wconf 81' lang='lat' dir='ltr'><strong>Thetidis,</strong></span> <span class='ocrx_word' id='word_1_172' title='bbox 1114 3562 1213 3616; x_wconf 85' lang='lat' dir='ltr'><strong>vidend</strong></span> 
     </span>
    </p>

    <p class='ocr_par' dir='ltr' id='par_1_8' title="bbox 29 3637 1213 3786">
     <span class='ocr_line' id='line_1_27' title="bbox 42 3637 1213 3711; baseline 0.003 -19"><span class='ocrx_word' id='word_1_173' title='bbox 42 3696 49 3709; x_wconf 58' lang='grc'><em>,</em></span> <span class='ocrx_word' id='word_1_174' title='bbox 190 3643 246 3709; x_wconf 76' lang='lat'><strong>427.</strong></span> <span class='ocrx_word' id='word_1_175' title='bbox 263 3642 320 3693; x_wconf 81' lang='lat' dir='ltr'><strong>Nou</strong></span> <span class='ocrx_word' id='word_1_176' title='bbox 334 3645 376 3691; x_wconf 78' lang='lat' dir='ltr'><strong>est</strong></span> <span class='ocrx_word' id='word_1_177' title='bbox 387 3640 532 3691; x_wconf 68' lang='lat' dir='ltr'><strong>resocadr‘lrlr</strong></span> <span class='ocrx_word' id='word_1_178' title='bbox 544 3642 602 3690; x_wconf 77' lang='lat' dir='ltr'><strong>istis</strong></span> <span class='ocrx_word' id='word_1_179' title='bbox 615 3640 662 3704; x_wconf 85' lang='lat' dir='ltr'><strong>(Ia-</strong></span> <span class='ocrx_word' id='word_1_180' title='bbox 711 3638 806 3706; x_wconf 86' lang='lat' dir='ltr'><strong>Quint.</strong></span> <span class='ocrx_word' id='word_1_181' title='bbox 819 3637 906 3691; x_wconf 81' lang='lat' dir='ltr'><strong>Calah.</strong></span> <span class='ocrx_word' id='word_1_182' title='bbox 919 3655 969 3705; x_wconf 88' lang='lat'><strong>111,</strong></span> <span class='ocrx_word' id='word_1_183' title='bbox 982 3640 1048 3707; x_wconf 80' lang='lat'><strong>604.</strong></span> <span class='ocrx_word' id='word_1_184' title='bbox 1068 3661 1125 3710; x_wconf 81' lang='lat' dir='ltr'><strong>sqq.</strong></span> <span class='ocrx_word' id='word_1_185' title='bbox 1140 3660 1213 3711; x_wconf 83' lang='lat' dir='ltr'><strong>quem</strong></span> 
     </span>
     <span class='ocr_line' id='line_1_28' title="bbox 29 3713 1082 3786; baseline 0.001 -16"><span class='ocrx_word' id='word_1_186' title='bbox 29 3728 40 3747; x_wconf 75' lang='lat'>⁴</span> <span class='ocrx_word' id='word_1_187' title='bbox 157 3718 252 3782; x_wconf 62' lang='lat' dir='ltr'><strong>comes)</strong></span> <span class='ocrx_word' id='word_1_188' title='bbox 268 3737 338 3785; x_wconf 71' lang='lat' dir='ltr'><strong>quem</strong></span> <span class='ocrx_word' id='word_1_189' title='bbox 357 3721 438 3769; x_wconf 82' lang='lat' dir='ltr'><strong>semel</strong></span> <span class='ocrx_word' id='word_1_190' title='bbox 451 3727 500 3769; x_wconf 88' lang='lat' dir='ltr'><strong>etc.</strong></span> <span class='ocrx_word' id='word_1_191' title='bbox 517 3716 611 3768; x_wconf 87' lang='lat' dir='ltr'><strong>Horat.</strong></span> <span class='ocrx_word' id='word_1_192' title='bbox 629 3713 660 3767; x_wconf 86' lang='lat' dir='ltr'><strong>ad</strong></span> <span class='ocrx_word' id='word_1_193' title='bbox 708 3715 795 3768; x_wconf 91' lang='lat' dir='ltr'><strong>locum</strong></span> <span class='ocrx_word' id='word_1_194' title='bbox 806 3714 895 3768; x_wconf 77' lang='lat' dir='ltr'><strong>adiisse</strong></span> <span class='ocrx_word' id='word_1_195' title='bbox 906 3734 962 3771; x_wconf 88' lang='lat' dir='ltr'><strong>non</strong></span> <span class='ocrx_word' id='word_1_196' title='bbox 974 3717 1082 3786; x_wconf 77' lang='lat' dir='ltr'><strong>pigebit.</strong></span> 
     </span>
    </p>

    <p class='ocr_par' dir='ltr' id='par_1_9' title="bbox 159 3790 1215 3865">
     <span class='ocr_line' id='line_1_29' title="bbox 159 3790 1215 3865; baseline 0.003 -18"><span class='ocrx_word' id='word_1_197' title='bbox 159 3793 249 3865; x_wconf 82' lang='lat' dir='ltr'><strong>virgil.</strong></span> <span class='ocrx_word' id='word_1_198' title='bbox 265 3795 298 3847; x_wconf 90' lang='lat' dir='ltr'><strong>de</strong></span> <span class='ocrx_word' id='word_1_199' title='bbox 316 3794 475 3863; x_wconf 86' lang='lat' dir='ltr'><strong>Quinctilio,</strong></span> <span class='ocrx_word' id='word_1_200' title='bbox 488 3809 513 3858; x_wconf 87' lang='lat'><strong>1,</strong></span> <span class='ocrx_word' id='word_1_201' title='bbox 530 3790 582 3845; x_wconf 93' lang='lat' dir='ltr'><strong>Od.</strong></span> <span class='ocrx_word' id='word_1_202' title='bbox 595 3795 644 3858; x_wconf 76' lang='lat'><strong>24:</strong></span> <span class='ocrx_word' id='word_1_203' title='bbox 741 3795 797 3859; x_wconf 71' lang='lat'><strong>441.</strong></span> <span class='ocrx_word' id='word_1_204' title='bbox 814 3794 963 3845; x_wconf 76' lang='lat' dir='ltr'><strong>Marcellum</strong></span> <span class='ocrx_word' id='word_1_205' title='bbox 975 3797 1173 3863; x_wconf 73' lang='lat' dir='ltr'><strong>Oclariafievr&#39;t.</strong></span> <span class='ocrx_word' id='word_1_206' title='bbox 1184 3796 1215 3850; x_wconf 77' lang='lat' dir='ltr'><strong>Et</strong></span> 
     </span>
    </p>

    <p class='ocr_par' dir='ltr' id='par_1_10' title="bbox 205 3869 1214 3939">
     <span class='ocr_line' id='line_1_30' title="bbox 205 3869 1214 3939; baseline 0.004 -15"><span class='ocrx_word' id='word_1_207' title='bbox 205 3884 251 3925; x_wconf 77' lang='lat' dir='ltr'><strong>Nou</strong></span> <span class='ocrx_word' id='word_1_208' title='bbox 260 3898 312 3922; x_wconf 76' lang='lat' dir='ltr'><strong>m·</strong></span> <span class='ocrx_word' id='word_1_209' title='bbox 319 3885 383 3922; x_wconf 66' lang='grc' dir='ltr'><strong>ηὼιι</strong></span> <span class='ocrx_word' id='word_1_210' title='bbox 391 3885 468 3934; x_wconf 61' lang='lat' dir='ltr'><strong>ungui·</strong></span> <span class='ocrx_word' id='word_1_211' title='bbox 478 3883 569 3932; x_wconf 65' lang='lat' dir='ltr'><strong>rugini,</strong></span> <span class='ocrx_word' id='word_1_212' title='bbox 709 3869 847 3923; x_wconf 88' lang='lat' dir='ltr'><strong>immodice</strong></span> <span class='ocrx_word' id='word_1_213' title='bbox 857 3869 982 3939; x_wconf 89' lang='lat' dir='ltr'><strong>quidem,</strong></span> <span class='ocrx_word' id='word_1_214' title='bbox 993 3873 1016 3924; x_wconf 87' lang='lat' dir='ltr'><strong>si</strong></span> <span class='ocrx_word' id='word_1_215' title='bbox 1023 3872 1090 3926; x_wconf 77' lang='lat' dir='ltr'><strong>fides</strong></span> <span class='ocrx_word' id='word_1_216' title='bbox 1097 3873 1214 3938; x_wconf 68' lang='lat' dir='ltr'><strong>Seneca,</strong></span> 
     </span>
    </p>

    <p class='ocr_par' dir='ltr' id='par_1_11' title="bbox 230 3946 1215 4020">
     <span class='ocr_line' id='line_1_31' title="bbox 230 3946 1215 4020; baseline 0.009 -25"><span class='ocrx_word' id='word_1_217' title='bbox 230 3956 356 4008; x_wconf 57' lang='lat' dir='ltr'><strong>Quantus·</strong></span> <span class='ocrx_word' id='word_1_218' title='bbox 364 3955 506 3995; x_wconf 72' lang='lat' dir='ltr'><strong>mettorrid·</strong></span> <span class='ocrx_word' id='word_1_219' title='bbox 695 3946 1215 4020; x_wconf 63' lang='lat' dir='ltr'><strong>‹supradicteConeolateap¹1:0¹an</strong></span> 
     </span>
    </p>

    <p class='ocr_par' dir='ltr' id='par_1_12' title="bbox 205 4026 1216 4095">
     <span class='ocr_line' id='line_1_32' title="bbox 205 4026 1216 4095; baseline -0.002 -25"><span class='ocrx_word' id='word_1_220' title='bbox 205 4031 251 4070; x_wconf 81' lang='lat' dir='ltr'><strong>Nou</strong></span> <span class='ocrx_word' id='word_1_221' title='bbox 262 4031 310 4069; x_wconf 77' lang='lat' dir='ltr'><strong>leuis</strong></span> <span class='ocrx_word' id='word_1_222' title='bbox 317 4029 407 4081; x_wconf 74' lang='lat' dir='ltr'><strong>precibus</strong></span> <span class='ocrx_word' id='word_1_223' title='bbox 415 4028 455 4067; x_wconf 76' lang='lat' dir='ltr'><strong>fet·</strong></span> <span class='ocrx_word' id='word_1_224' title='bbox 464 4026 575 4075; x_wconf 78' lang='lat' dir='ltr'><strong>recludere,</strong></span> <span class='ocrx_word' id='word_1_225' title='bbox 708 4027 766 4081; x_wconf 75' lang='lat' dir='ltr'><strong>lum</strong></span> <span class='ocrx_word' id='word_1_226' title='bbox 784 4026 883 4092; x_wconf 60' lang='lat' dir='ltr'><strong>finem,</strong></span> <span class='ocrx_word' id='word_1_227' title='bbox 911 4046 960 4095; x_wconf 63' lang='lat' dir='ltr'><strong>per</strong></span> <span class='ocrx_word' id='word_1_228' title='bbox 979 4047 1062 4081; x_wconf 62' lang='lat' dir='ltr'>omne</span> <span class='ocrx_word' id='word_1_229' title='bbox 1087 4030 1149 4083; x_wconf 50' lang='grc' dir='ltr'><strong>ἧς,</strong></span> <span class='ocrx_word' id='word_1_230' title='bbox 1169 4048 1216 4084; x_wconf 58' lang='lat'><strong>„2</strong></span> 
     </span>
    </p>

    <p class='ocr_par' dir='ltr' id='par_1_13' title="bbox 204 4101 1216 4175">
     <span class='ocr_line' id='line_1_33' title="bbox 204 4101 1216 4175; baseline 0.003 -18"><span class='ocrx_word' id='word_1_231' title='bbox 204 4102 505 4154; x_wconf 60' lang='lat' dir='ltr'><strong>N³t¹⁰⁰⁰¹¹¹t¹¹¹²¹l¹l¹⁰¹⁶¹¹⁶⁸⁸</strong></span> <span class='ocrx_word' id='word_1_232' title='bbox 514 4101 572 4150; x_wconf 61' lang='lat' dir='ltr'><strong>ml·</strong></span> <span class='ocrx_word' id='word_1_233' title='bbox 710 4116 828 4175; x_wconf 84' lang='lat' dir='ltr'><strong>ternpus,</strong></span> <span class='ocrx_word' id='word_1_234' title='bbox 843 4104 939 4171; x_wconf 77' lang='lat' dir='ltr'><strong>flendi,</strong></span> <span class='ocrx_word' id='word_1_235' title='bbox 955 4106 1138 4175; x_wconf 82' lang='lat' dir='ltr'><strong>gemendique</strong></span> <span class='ocrx_word' id='word_1_236' title='bbox 1146 4109 1216 4170; x_wconf 74' lang='lat' dir='ltr'><strong>fecit,</strong></span> 
     </span>
    </p>

    <p class='ocr_par' dir='ltr' id='par_1_14' title="bbox 191 4181 1215 4255">
     <span class='ocr_line' id='line_1_34' title="bbox 191 4181 1215 4255; baseline 0.002 -20"><span class='ocrx_word' id='word_1_237' title='bbox 191 4184 246 4255; x_wconf 79' lang='lat'><strong>4²9·</strong></span> <span class='ocrx_word' id='word_1_238' title='bbox 259 4187 370 4237; x_wconf 81' lang='lat' dir='ltr'><strong>Hectora</strong></span> <span class='ocrx_word' id='word_1_239' title='bbox 382 4181 518 4251; x_wconf 76' lang='lat' dir='ltr'><strong>totsratres</strong></span> <span class='ocrx_word' id='word_1_240' title='bbox 529 4190 576 4234; x_wconf 81' lang='lat' dir='ltr'><strong>etc</strong></span> <span class='ocrx_word' id='word_1_241' title='bbox 592 4181 662 4234; x_wconf 90' lang='lat' dir='ltr'><strong>Poe-</strong></span> <span class='ocrx_word' id='word_1_242' title='bbox 708 4201 758 4236; x_wconf 91' lang='lat' dir='ltr'><strong>nec</strong></span> <span class='ocrx_word' id='word_1_243' title='bbox 767 4182 831 4234; x_wconf 77' lang='lat' dir='ltr'><strong>ullae</strong></span> <span class='ocrx_word' id='word_1_244' title='bbox 842 4181 946 4235; x_wconf 76' lang='lat' dir='ltr'><strong>admisit</strong></span> <span class='ocrx_word' id='word_1_245' title='bbox 956 4201 1036 4237; x_wconf 79' lang='lat' dir='ltr'><strong>voees</strong></span> <span class='ocrx_word' id='word_1_246' title='bbox 1045 4183 1162 4239; x_wconf 77' lang='lat' dir='ltr'><strong>salutare</strong></span> <span class='ocrx_word' id='word_1_247' title='bbox 1171 4185 1215 4237; x_wconf 76' lang='lat' dir='ltr'><strong>ali-</strong></span> 
     </span>
    </p>

    <p class='ocr_par' dir='ltr' id='par_1_15' title="bbox 159 4256 1212 4333">
     <span class='ocr_line' id='line_1_35' title="bbox 159 4256 1212 4333; baseline 0.004 -22"><span class='ocrx_word' id='word_1_248' title='bbox 159 4259 208 4311; x_wconf 80' lang='lat' dir='ltr'><strong>tice</strong></span> <span class='ocrx_word' id='word_1_249' title='bbox 221 4256 394 4314; x_wconf 80' lang='lat' dir='ltr'><strong>luxuriantem</strong></span> <span class='ocrx_word' id='word_1_250' title='bbox 407 4261 464 4331; x_wconf 80' lang='lat' dir='ltr'><strong>quis</strong></span> <span class='ocrx_word' id='word_1_251' title='bbox 475 4278 530 4312; x_wconf 89' lang='lat' dir='ltr'><strong>non</strong></span> <span class='ocrx_word' id='word_1_252' title='bbox 542 4258 584 4312; x_wconf 85' lang='lat' dir='ltr'><strong>hic</strong></span> <span class='ocrx_word' id='word_1_253' title='bbox 595 4257 662 4312; x_wconf 86' lang='lat' dir='ltr'><strong>Ovi·</strong></span> <span class='ocrx_word' id='word_1_254' title='bbox 699 4259 771 4330; x_wconf 83' lang='lat' dir='ltr'><strong>quid</strong></span> <span class='ocrx_word' id='word_1_255' title='bbox 783 4258 940 4326; x_wconf 77' lang='lat' dir='ltr'><strong>adserentes,</strong></span> <span class='ocrx_word' id='word_1_256' title='bbox 949 4280 986 4313; x_wconf 88' lang='lat' dir='ltr'><strong>ne</strong></span> <span class='ocrx_word' id='word_1_257' title='bbox 999 4264 1105 4317; x_wconf 66' lang='lat' dir='ltr'><strong>auocari</strong></span> <span class='ocrx_word' id='word_1_258' title='bbox 1116 4263 1212 4333; x_wconf 83' lang='lat' dir='ltr'><strong>quidem</strong></span> 
     </span>
    </p>

    <p class='ocr_par' dir='ltr' id='par_1_16' title="bbox 158 4334 1210 4407">
     <span class='ocr_line' id='line_1_36' title="bbox 158 4334 1210 4407; baseline 0.01 -22"><span class='ocrx_word' id='word_1_259' title='bbox 158 4334 233 4386; x_wconf 88' lang='lat' dir='ltr'><strong>dium</strong></span> <span class='ocrx_word' id='word_1_260' title='bbox 246 4339 385 4405; x_wconf 75' lang='lat' dir='ltr'><strong>agnoscat?</strong></span> <span class='ocrx_word' id='word_1_261' title='bbox 707 4357 734 4392; x_wconf 84' lang='lat' dir='ltr'><strong>ee</strong></span> <span class='ocrx_word' id='word_1_262' title='bbox 748 4356 819 4407; x_wconf 80' lang='lat' dir='ltr'><strong>passa</strong></span> <span class='ocrx_word' id='word_1_263' title='bbox 830 4346 875 4390; x_wconf 79' lang='lat' dir='ltr'><strong>est.</strong></span> <span class='ocrx_word' id='word_1_264' title='bbox 888 4338 998 4393; x_wconf 83' lang='lat' dir='ltr'><strong>luteuta</strong></span> <span class='ocrx_word' id='word_1_265' title='bbox 1012 4341 1040 4394; x_wconf 89' lang='lat' dir='ltr'><strong>in</strong></span> <span class='ocrx_word' id='word_1_266' title='bbox 1055 4359 1210 4402; x_wconf 80' lang='lat' dir='ltr'><strong>uuarurem,</strong></span> 
     </span>
    </p>

    <p class='ocr_par' dir='ltr' id='par_1_17' title="bbox 191 4412 1211 4490">
     <span class='ocr_line' id='line_1_37' title="bbox 191 4412 1211 4490; baseline 0.009 -28"><span class='ocrx_word' id='word_1_267' title='bbox 191 4412 247 4477; x_wconf 71' lang='lat'><strong>435.</strong></span> <span class='ocrx_word' id='word_1_268' title='bbox 263 4415 310 4464; x_wconf 73' lang='lat' dir='ltr'><strong>Ille·</strong></span> <span class='ocrx_word' id='word_1_269' title='bbox 318 4420 445 4469; x_wconf 77' lang='lat' dir='ltr'><strong>ceruleum</strong></span> <span class='ocrx_word' id='word_1_270' title='bbox 458 4417 560 4483; x_wconf 80' lang='lat' dir='ltr'><strong>Panope</strong></span> <span class='ocrx_word' id='word_1_271' title='bbox 570 4419 661 4467; x_wconf 74' lang='lat' dir='ltr'><strong>crissen</strong></span> <span class='ocrx_word' id='word_1_272' title='bbox 709 4426 736 4468; x_wconf 91' lang='lat' dir='ltr'><strong>et</strong></span> <span class='ocrx_word' id='word_1_273' title='bbox 749 4425 803 4468; x_wconf 91' lang='lat' dir='ltr'><strong>toto</strong></span> <span class='ocrx_word' id='word_1_274' title='bbox 818 4415 906 4467; x_wconf 88' lang='lat' dir='ltr'><strong>animo</strong></span> <span class='ocrx_word' id='word_1_275' title='bbox 923 4416 1018 4482; x_wconf 79' lang='lat' dir='ltr'><strong>affixa,</strong></span> <span class='ocrx_word' id='word_1_276' title='bbox 1033 4419 1092 4473; x_wconf 78' lang='lat' dir='ltr'><strong>talis</strong></span> <span class='ocrx_word' id='word_1_277' title='bbox 1109 4440 1153 4490; x_wconf 82' lang='lat' dir='ltr'><strong>per</strong></span> <span class='ocrx_word' id='word_1_278' title='bbox 1161 4435 1211 4477; x_wconf 78' lang='lat' dir='ltr'><strong>out·</strong></span> 
     </span>
    </p>

    <p class='ocr_par' dir='ltr' id='par_1_18' title="bbox 156 4488 1214 4563">
     <span class='ocr_line' id='line_1_38' title="bbox 156 4488 1214 4563; baseline 0.009 -20"><span class='ocrx_word' id='word_1_279' title='bbox 156 4492 240 4545; x_wconf 75' lang='lat' dir='ltr'><strong>solrr&#39;t.</strong></span> <span class='ocrx_word' id='word_1_280' title='bbox 252 4488 282 4544; x_wconf 91' lang='lat' dir='ltr'><strong>ld</strong></span> <span class='ocrx_word' id='word_1_281' title='bbox 295 4500 333 4545; x_wconf 81' lang='lat' dir='ltr'><strong>ert</strong></span> <span class='ocrx_word' id='word_1_282' title='bbox 343 4529 352 4558; x_wconf 90' lang='lat'><strong>,</strong></span> <span class='ocrx_word' id='word_1_283' title='bbox 366 4493 473 4561; x_wconf 78' lang='lat' dir='ltr'><strong>Panope</strong></span> <span class='ocrx_word' id='word_1_284' title='bbox 484 4512 559 4548; x_wconf 85' lang='lat' dir='ltr'><strong>soror</strong></span> <span class='ocrx_word' id='word_1_285' title='bbox 569 4492 663 4548; x_wconf 83' lang='lat' dir='ltr'><strong>Theti-</strong></span> <span class='ocrx_word' id='word_1_286' title='bbox 709 4510 771 4548; x_wconf 90' lang='lat' dir='ltr'><strong>ueru</strong></span> <span class='ocrx_word' id='word_1_287' title='bbox 783 4493 863 4547; x_wconf 84' lang='lat' dir='ltr'><strong>vitam</strong></span> <span class='ocrx_word' id='word_1_288' title='bbox 874 4492 941 4560; x_wconf 84' lang='lat' dir='ltr'><strong>suit,</strong></span> <span class='ocrx_word' id='word_1_289' title='bbox 954 4495 1042 4563; x_wconf 70' lang='lat' dir='ltr'><strong>quatis</strong></span> <span class='ocrx_word' id='word_1_290' title='bbox 1053 4497 1084 4552; x_wconf 88' lang='lat' dir='ltr'><strong>in</strong></span> <span class='ocrx_word' id='word_1_291' title='bbox 1097 4500 1189 4552; x_wconf 64' lang='lat' dir='ltr'><strong>sunm</strong></span> <span class='ocrx_word' id='word_1_292' title='bbox 1199 4516 1214 4540; x_wconf 82' lang='lat'><strong>¹·</strong></span> 
     </span>
    </p>
   </div>
   <div class='ocr_carea' id='block_1_6' title="bbox 0 0 1390 5160">
    <p class='ocr_par' dir='ltr' id='par_1_19' title="bbox 0 0 1390 5160">
     <span class='ocr_line' id='line_1_39' title="bbox 0 0 1390 5160; baseline 0 0"><span class='ocrx_word' id='word_1_293' title='bbox 0 0 1390 5160; x_wconf 95' lang='lat' dir='ltr'><strong> </strong></span> 
     </span>
    </p>
   </div>
  </div>
 </body>
</html>
