2790 4696
159 303 1218 338 mmmmm

405 520 788 626 EPISTOLA
827 523 970 629 XXI.

573 772 813 800 nun*—

384 1085 654 1172 CYDIPPE
690 1086 990 1194 ACONTIO.

167 1238 412 1359 PERTIMUI,
429 1272 656 1373 scriptumque
674 1290 769 1347 tuum
784 1275 854 1350 sine
872 1305 1038 1352 murmure
1052 1275 1133 1374 legi,

212 1392 346 1463 Juraret
362 1417 404 1463 ne
422 1417 507 1488 quos
523 1389 628 1463 inscia
644 1387 757 1485 lingua
773 1392 873 1467 Deos.

165 1505 227 1591 Et,
245 1519 344 1603 puto,
363 1519 527 1603 captasses
544 1503 681 1591 iterum,
700 1505 780 1594 nisi,
799 1524 838 1580 ut
852 1508 924 1607 ipse
939 1507 1066 1598 fateris,

213 1619 414 1693 Promissam
431 1619 531 1692 scires
547 1645 600 1693 me
617 1619 697 1694 satis
712 1650 782 1696 esse
800 1623 909 1698 semel.

165 1736 233 1808 Nec
251 1732 376 1808 lectura
392 1733 456 1822 sui,
475 1733 547 1821 sed,
563 1734 591 1807 si
609 1734 671 1809 [ibi
691 1736 773 1809 dura
790 1735 942 1825 fuissem,
1029 1812 1032 1817 .

214 1850 323 1924 Aucta
340 1846 428 1923 foret
442 1876 532 1923 saevae
550 1845 688 1923 forsitan
704 1850 753 1923 ira
767 1852 856 1925 Deae.

167 1963 292 2039 Omnia
307 1992 411 2063 quum
428 1963 558 2051 faciam,
579 1993 681 2064 quum
697 1963 770 2037 clem
786 1966 842 2065 pia
859 1981 933 2039 tura
950 1965 1084 2055 Dianae3

216 2081 278 2155 Illa
293 2098 401 2155 tamen
417 2082 507 2180 justa
522 2079 599 2183 plus
617 2080 679 2153 tibi
696 2085 789 2181 par'te
807 2080 902 2157 favet.

169 2200 283 2297 thue
302 2196 398 2296 cupis
415 2196 520 2284 credi,
538 2195 676 2269 memori
694 2197 887 2271 te.vindicat
903 2197 961 2272 ira.

216 2309 308 2385 Talis
325 2309 361 2384 in
376 2308 564 2411 Hippolyto
579 2310 634 2384 vix
650 2310 715 2384 fuit
731 2310 787 2386 illa
801 2342 874 2388 suo.

169 2431 217 2502 At
232 2427 350 2503 melius
365 2428 472 2522 Virgo
490 2427 623 2500 favisset
638 2427 776 2522 virginis
793 2430 905 2516 annis;

218 2543 316 2641 Quos
333 2570 448 2617 vereor
464 2571 589 2643 paucos
606 2571 648 2617 ne
665 2541 746 2617 velit
761 2571 833 2618 esse
846 2542 941 2615 mihi.

168 2660 327 2752 Languor
339 2658 444 2746 enim,
462 2659 570 2732 causis
585 2687 655 2731 non
668 2658 921 2759 apparentibus,
937 2657 1054 2747 haeret3

220 2773 371 2872 Adjuvor
387 2791 421 2849 et
437 2771 530 2847 nulla
545 2773 631 2847 fessa
648 2773 810 2847 medentis
828 2803 901 2874 ope.

175 2890 284 2985 Quam
298 2890 362 2963 tibi
375 2918 465 2963 nunc
478 2888 631 2985 gracilem
644 2889 699 2962 vix
711 2888 780 2962 haec
792 2890 988 2978 rescribere,
1009 2918 1171 2992 quamque
1204 2910 1234 2963 ro

210 3105 230 3137 1.
248 3086 307 3137 soe
322 3103 443 3138 mamare
460 3087 517 3152 Iepi.
535 3085 592 3138 Nec
602 3085 680 3138 motis
765 3104 803 3137 ra.
822 3084 891 3149 Quos
907 3101 999 3136 vereor.
1016 3081 1125 3135 Codices
1142 3098 1235 3133 omnes

175 3161 282 3229 quidem
293 3161 385 3227 labris,
396 3181 431 3215 ne
443 3162 505 3231 quid
516 3166 602 3216 eirscr‘ae
613 3162 682 3220 cxci·-
730 3170 788 3229 post
796 3159 976 3213 huncversurn
986 3158 1128 3223 deficiunt,
1142 3168 1237 3227 preter

176 3236 268 3303 deret,
281 3248 311 3289 ut
321 3239 400 3305 prius.
731 3236 931 3302 Samarianum,
944 3235 1109 3297 Mediccera,
1121 3245 1237 3289 elunum

210 3313 233 3365 3.
249 3316 305 3375 Et,
324 3319 401 3381 puto,
420 3321 551 3381 captasses
571 3325 619 3368 etc.
647 3313 683 3366 Et
732 3334 764 3367 ex
775 3312 840 3365 meis
849 3313 1040 3379 recentiorem,
1053 3331 1132 3381 quem
1143 3331 1157 3364 a
1168 3311 1240 3366 Luca

177 3391 227 3445 hoc
239 3390 285 3443 eibi
302 3390 381 3444 credo
393 3391 572 3460 propositum,
589 3391 684 3444 scilicet
733 3388 1045 3460 Langermannodonum
1054 3387 1140 3442 habui.
1149 3389 1240 3442 Aron-

179 3479 208 3521 ut
220 3470 335 3537 iurarem
346 3474 453 3532 iterum
472 3468 521 3522 nisi
536 3469 612 3522 scires
624 3467 685 3521 satis
733 3470 850 3523 delianus
856 3485 960 3538 quoque
967 3467 1079 3535 reliquos
1084 3466 1161 3535 hujus
1168 3467 1242 3537 Epis·

179 3566 234 3600 csse
246 3548 440 3615 semeljurasse.
733 3545 1238 3615 toloeversusrnajoriexparseincalcem

216 3644 254 3677 ιο.
270 3627 302 3677 Ia
318 3627 458 3696 Hippolyto
471 3632 519 3678 etc.
532 3622 622 3690 Male,
641 3623 686 3693 qui
734 3624 887 3691 voluminis,
901 3633 959 3695 post
968 3621 1088 3692 Sapphus
1097 3622 1241 3692 Epistulam

181 3708 208 3756 ιἰι
218 3704 400 3774 Hrppolytam:
734 3704 868 3772 reiecerat
877 3702 1243 3768 Harss.—Qn0svereorese.

181 3791 384 3840 arianismum
395 3791 670 3845 quoummiris,Aehiuss
736 3782 799 3836 Non
823 3779 890 3834 ultra
907 3777 1025 3849 procedit
1049 3777 1137 3832 Ediiio
1160 3780 1242 3850 prim

182 3865 468 3907 'torsissemtorsissem
483 3865 576 3917 (AEusid.
588 3875 619 3914 11,
628 3866 689 3916 sio)
737 3878 798 3913 ann.
811 3861 889 3930 1470,
901 3877 988 3926 neque
997 3857 1124 3929 interpres
1135 3856 1241 3912 Groecus

219 3959 255 3991 ιι.
276 3941 392 4006 sergiae.
412 3939 484 3994 Male
496 3938 552 3993 haec
562 3938 595 3993 de
614 3939 690 4009 Hip-
737 3935 875 3991 Planudes.
900 3934 983 4005 Quod
1003 3936 1121 3992 videatur
1139 3934 1242 3991 confir·

183 4016 274 4088 polyto
290 4016 357 4087 capit
374 4016 482 4086 Douaa,
495 4016 528 4072 ad
538 4017 621 4088 ipsam
634 4016 691 4089 ey·
738 4032 811 4067 mare
820 4012 1051 4083 quaedisimus,ad
1062 4034 1086 4070 v.
1097 4015 1158 4084 145,
1171 4011 1242 4079 Epis·

184 4095 438 4168 dippenreieronda.
650 4104 655 4111 “
738 4093 800 4146 tole
812 4089 994 4165 procedentis.⁴
