2790 4696
526 319 880 390 consonarrn.
1155 328 1222 422 4²7
1266 383 1272 412 ,

167 458 245 530 Hac
258 457 366 556 ipsum
384 455 523 532 sublime
541 457 647 534 ferent
660 493 668 534 :
682 460 767 551 hac,
786 463 913 563 optima
929 479 1049 552 mater,

216 571 408 645 Debuerant
420 572 529 648 luctus
545 593 713 653 attenuare
731 597 819 653 tuos.

167 684 301 758 Femina
318 684 417 782 digna
433 687 515 778 illis,
533 719 618 791 quos
632 719 728 766 aurea
746 693 896 767 condidit
911 712 1004 783 aetas,

214 800 427 902 Principibus
440 805 542 893 natis,
561 807 711 909 principe
729 807 829 904 digna
843 810 923 884 viro.

167 911 259 1010 Quid
276 913 388 989 deceat
404 919 506 992 Drusi
523 938 674 1009 matrem,
692 941 894 1026 matremque
911 928 1068 1015 Nemnis,
1173 951 1222 1018 345

212 1027 381 1130 Adspice:
398 1061 465 1132 quo
484 1063 616 1130 surgas,
635 1037 782 1138 adspice,
801 1069 895 1117 manc
914 1059 998 1117 toro.

166 1148 244 1220 Non
259 1145 370 1219 cadem
387 1146 570 1250 vulgusque
587 1151 718 1241 decent,
737 1172 771 1228 et
787 1153 913 1230 lumina
926 1185 1055 1233 rerum:

213 1261 276 1334 Est
291 1261 382 1361 quod
398 1264 601 1364 praecipuum
619 1267 737 1343 debeat
751 1270 815 1344 ista
830 1272 960 1346 domus.
1066 1313 1068 1317 ⁴

166 1378 330 1478 Imposuit
344 1395 374 1451 tc
393 1377 459 1452 alto
477 1383 639 1472 Fortuna,
657 1383 832 1488 locumque
850 1390 936 1463 tucri

213 1493 323 1566 ,lussit
337 1493 553 1585 honoratum,
572 1500 665 1572 Livia
679 1532 686 1572 :
701 1503 811 1600 perfer
828 1531 923 1578 onus.
1176 1525 1225 1577 ato
1307 1491 1315 1504 '

166 1604 220 1679 Ad
238 1623 269 1679 te
287 1606 417 1695 oculos,
436 1637 595 1711 auresque
613 1611 715 1688 trahis
731 1644 738 1687 :
755 1632 811 1689 tua
828 1615 914 1691 sacta
927 1633 1103 1704 notamus3

213 1724 282 1798 Nec
299 1753 362 1798 vox
378 1727 477 1799 missa
494 1744 607 1826 potest
623 1729 783 1831 principis
802 1761 857 1805 ore
876 1734 952 1826 tegi.

166 1835 244 1911 Alea
260 1866 373 1927 mane;
393 1867 558 1941 supraque
576 1859 651 1916 tuos
662 1872 806 1940 wexsurge
822 1845 975 1934 dolores;

214 1953 469 2055 lnfragilemque
486 1957 650 2054 animum,
670 1958 763 2058 quod
779 1977 893 2060 potes,
912 1988 1017 2060 usque
1035 1978 1118 2036 tene.

165 2068 220 2142 An
237 2066 355 2142 meiius
371 2097 432 2168 pcr
449 2087 480 2144 te
496 2070 656 2145 virtutum
672 2072 818 2175 exempla
834 2091 1003 2177 petemus,
1175 2097 1225 2152 355

164 2270 198 2325 rit
208 2270 316 2340 longum
328 2272 454 2342 spatium,
472 2290 528 2324 non
541 2273 618 2327 cartis
631 2272 671 2326 fi·
718 2280 774 2329 ciat
795 2273 857 2345 quid
881 2273 962 2328 Drusi
989 2264 1102 2329 matrem
1121 2278 1225 2339 deceat,

164 2348 422 2420 uibusconscriptum
431 2371 437 2414 ;
447 2349 569 2402 ctlocum
576 2350 670 2418 adfert,
720 2352 781 2421 quid
795 2371 903 2405 uxorem
917 2355 1034 2406 Caesare's.

164 2445 180 2478 c
190 2424 291 2493 Statio,
305 2426 389 2480 Theb.
401 2444 459 2494 vn,
471 2428 521 2500 296
533 2443 540 2477 t
752 2431 808 2497 343.
825 2432 945 2484 Condr'dit
954 2435 1024 2482 elas.
1042 2431 1223 2491 Procondidit,

320 2517 377 2556 Pater
386 2525 426 2565 act,
437 2527 543 2570 ωιιηιως
555 2518 589 2557 sed
598 2517 635 2557 arvi
718 2508 898 2579 legiiplolt'lt'!
904 2505 1047 2561 Ruhnkad
1054 2507 1226 2574 Vell.Pat1,3.

164 2587 272 2627 enormem
284 2590 358 2629 modm.
714 2643 716 2647 ,
753 2585 808 2653 346.
829 2587 996 2653 ansmas,
1014 2587 1134 2654 adspice,
1153 2606 1228 2640 mane

163 2661 218 2716 Sed
227 2661 389 2732 agitoribidc
398 2674 471 2734 patre
484 2672 510 2717 et
520 2673 598 2730 nato,
609 2662 671 2728 (La-
720 2669 781 2719 tom.
800 2662 884 2732 Cujus
901 2663 936 2717 sis
950 2680 1027 2727 uxor3
1041 2664 1116 2739 cujus
1132 2684 1146 2718 e
1163 2664 1226 2718 tha-

164 2739 287 2809 pithaone
310 2752 336 2795 et
356 2741 501 2806 Alathreo)
520 2740 582 2810 qui,
603 2760 671 2794 cor·
719 2739 794 2794 lamis
804 2760 882 2794 mane
895 2739 1011 2812 prodeas.

155 2817 229 2885 susis
241 2839 333 2874 revera
354 2826 404 2875 ιη’
423 2820 515 2874 ordine
534 2821 668 2888 modoque,
762 2814 818 2888 347.
846 2820 885 2871 Et
903 2823 999 2871 lemica
1021 2834 1110 2873 ratam.
1138 2818 1226 2873 Nescit

163 2895 199 2948 ita
208 2916 282 2965 pares
289 2909 363 2953 etate
375 2912 401 2953 et
409 2900 487 2954 armis
497 2898 669 2967 incedebant,
719 2895 866 2955 Burmann.
875 2915 909 2951 an
919 2915 974 2951 non
986 2907 1090 2968 praeter
1098 2901 1208 2952 culmina
1214 2913 1226 2960 ,·

164 2984 193 3026 ut
205 2975 304 3041 snam
327 2975 485 3031 dicerentur.
509 2976 562 3030 Hic
585 2994 667 3041 vcro,
718 2990 804 3042 neque
817 2992 866 3044 ego
877 2974 970 3044 ignoro
979 2975 1057 3027 verba
1068 2975 1124 3028 haec
1134 2973 1226 3041 sepius
1296 3003 1301 3022 ι

162 3055 524 3111 curnonlocumreieramus
539 3051 572 3105 ad
588 3052 669 3121 ipsam
717 3050 993 3104 alibrariisconsosa:
1009 3068 1070 3102 cave
1083 3061 1171 3103 tamen
1191 3067 1225 3101 ne

163 3127 313 3182 Germania
322 3140 442 3197 partam,
459 3129 582 3184 ubisactis
590 3130 669 3182 Dru-
710 3127 782 3196 ‚quid
792 3126 923 3182 immutes.
936 3127 1146 3183 Virorumenim
1156 3125 1225 3194 prin·

162 3223 206 3259 mu
218 3205 389 3270 inclaruerat,
410 3206 606 3276 quemquidcm
624 3212 670 3260 Io·-
718 3204 807 3271 cipum
819 3204 935 3273 exempta
948 3203 1020 3272 quasi
1037 3202 1147 3258 totidem
1163 3212 1226 3256 sunt

162 3301 220 3335 cam
230 3280 445 3343 retinuerim,
455 3285 669 3354 dignioremque,
716 3282 827 3338 lamma,
841 3298 917 3348 qua,
935 3299 987 3350 quo
998 3281 1118 3351 imposita
1131 3278 1224 3347 altius,

163 3359 208 3428 qui
219 3359 346 3428 praeclaris
357 3359 586 3416 adcosacinoribua
598 3362 671 3415 iiius·-
717 3374 750 3429 9⁰
771 3356 866 3410 oertiua
885 3359 913 3410 in
936 3369 1037 3412 rectam
1054 3357 1094 3411 vei
1118 3376 1225 3427 pravam

163 3437 299 3490 tran-etur?
318 3437 375 3506 Qui
388 3437 477 3503 locus,
497 3439 529 3491 ab
546 3439 607 3507 ipsis
617 3439 670 3491 mi·
717 3433 787 3486 viam
801 3435 933 3503 sequentis
947 3436 1016 3505 vulgi
1030 3455 1130 3507 gressus
1145 3435 1225 3489 indu-

161 3515 249 3569 trihus
262 3518 370 3585 Campus
380 3520 518 3569 sceleratus
530 3515 671 3570 dictus-eat.
717 3523 787 3567 cunt.
801 3513 928 3583 Moripse
938 3514 1034 3569 Noster
1043 3533 1049 3567 ι
1057 3517 1096 3568 ad
1103 3521 1129 3568 te
1140 3518 1226 3568 oculos

195 3595 252 3662 34¹·
267 3597 341 3656 trec,
354 3599 448 3662 optima
458 3599 552 3653 mater,
571 3595 669 3647 debue-
718 3597 817 3646 tradis:
831 3594 960 3662 luasacla
969 3600 1094 3648 notamus.

162 3677 223 3723 rant
243 3683 291 3726 etc.
322 3672 443 3725 Felicitan
466 3669 611 3724 admodum
635 3690 668 3726 co
711 3720 715 3726 .
749 3672 807 3725 352.
823 3675 879 3726 Nec
893 3692 943 3725 uox
959 3676 1224 3741 messapotestpn'ae-

162 3748 251 3815 redit,
269 3749 340 3803 unde
363 3749 495 3819 inceperat
516 3748 617 3814 oratio;
637 3748 670 3805 ad
717 3754 783 3818 cmm
799 3770 841 3803 ore
853 3756 912 3818 tegi.
931 3751 987 3806 Nec
1003 3750 1024 3804 ai
1040 3749 1102 3820 quid
1114 3749 1223 3821 principi

162 3826 264 3880 Liviam
273 3828 517 3897 scitqmmpoeta,
531 3839 670 3898 postquam
717 3827 858 3895 exciderit,
883 3826 929 3881 diu
946 3827 1026 3881 latere
1044 3838 1136 3900 potest
1163 3822 1222 3882 Ca-

162 3915 284 3958 matcrno
308 3904 391 3958 dolori
414 3904 458 3959 diu
472 3906 532 3960 satis
553 3907 671 3976 permisit
718 3905 835 3960 vandum
849 3906 948 3977 igitur,
961 3926 995 3960 ne
1010 3905 1072 3976 quid
1081 3905 1166 3975 dicat,
1182 3904 1223 3958 vei

162 3983 297 4053 indulgere
310 4023 317 4050 ‚
330 3983 363 4037 ad
373 3984 572 4053 imperatoriam
584 3984 670 4054 digni-
715 3985 807 4051 saciat,
825 3984 896 4054 quod
908 3984 1036 4041 indictum
1049 3987 1162 4053 frustra,
1183 3982 1220 4036 in·

164 4071 244 4117 tatem
257 4073 378 4131 revocat,
392 4061 670 4132 hortaturquaadspi-
716 4063 846 4119 factumve
857 4063 953 4119 deinde
965 4063 1032 4118 vetit.
