2790 4696
160 362 1235 394 ”mmmmm

159 670 164 683 ·
206 603 623 713 HIPPOLYTI
658 602 756 710 ΑΙ)
793 604 1180 715 PHAEDRAM

559 893 820 949 RESPONSIO.

170 1395 405 1515 Misisti,
425 1426 508 1528 quid
525 1428 641 1501 crebra
657 1428 723 1502 sibi
741 1430 884 1531 suspiria
900 1430 1037 1523 vellent,

215 1541 360 1642 linque
377 1539 562 1616 luminibus
580 1541 705 1617 lumina
722 1572 808 1645 saepe
825 1547 926 1633 meis3

169 1656 214 1729 Et
226 1654 358 1729 blandae
376 1656 515 1730 nimium
532 1686 643 1745 voees,
664 1688 801 1760 quaeque
817 1690 875 1735 ora
892 1661 1020 1735 silentis

216 1773 349 1846 Mutato
368 1773 467 1846 toties
485 1774 579 1869 signa
597 1773 708 1848 colore
725 1775 858 1849 dabant.
1006 1862 1010 1869 ,

170 1890 237 1964 Nec
253 1906 405 1989 poteram
421 1918 504 1964 vers
523 1890 662 1964 similem
679 1890 761 1963 mihi
777 1889 900 1985 lingere
917 1916 1062 1978 eausam,
1215 1913 1231 1964 5

220 2006 290 2079 Cur
306 2007 446 2101 gemitus
461 2005 556 2081 nullo
575 2005 651 2081 laesa
669 2004 783 2080 dolore
800 2006 904 2078 dares.

174 2122 249 2195 Jam
263 2121 348 2210 seio,
366 2124 522 2196 tendebas
540 2151 647 2197 casses
663 2122 767 2195 mihi:
784 2120 907 2216 detegit
924 2118 1001 2194 illos

223 2236 330 2336 Impia
346 2236 499 2332 sacrilega
517 2235 611 2311 litera
628 2238 750 2338 scripta
765 2267 876 2312 manu.

176 2352 251 2449 an
269 2350 329 2424 tibi
346 2349 481 2427 laeelendi
500 2353 663 2439 studium,
683 2353 885 2452 dignumque
901 2380 1040 2428 noverca

221 2465 410 2560 Ingenium,
428 2468 577 2568 quamvis
595 2497 734 2564 magnus
752 2468 875 2542 ademit
891 2496 993 2542 amor.
1202 2509 1231 2544 ιο

175 2581 337 2678 Privignis
353 2583 425 2657 aliae
441 2585 583 2658 miscent
601 2585 730 2658 aconita
746 2611 912 2658 novercae:

218 2697 270 2769 Tu
286 2726 356 2783 me,
377 2727 476 2798 quam
493 2699 604 2800 possis
622 2698 755 2789 laedere,
774 2701 870 2801 pejus
887 2727 985 2773 amas.

173 2812 337 2910 Perlegis?
354 2845 397 2889 an
413 2817 531 2918 primis
549 2833 580 2891 te
597 2804 721 2911 frangit
738 2815 879 2918 epistola
895 2814 1021 2903 verbis,

217 2927 351 3003 Tollere
369 2958 443 3003 eum
461 2947 540 3003 voto
558 2959 650 3031 spem
670 2960 803 3032 quoque
818 2932 887 3006 visa
905 2933 987 3005 tuo?

174 3041 327 3140 Perlege3
345 3044 404 3119 sed
423 3045 539 3133 timeo,
558 3075 599 3118 ne
618 3047 761 3121 scribam
777 3047 912 3121 mollius
930 3075 1045 3147 aequo,
1208 3061 1237 3112 1⁵

221 3163 267 3233 Et
283 3160 392 3235 desint
409 3163 520 3235 animo
538 3191 580 3237 ne
597 3191 669 3237 mea
684 3165 784 3237 verba
802 3192 874 3237 suo.

179 3274 246 3348 Nec
261 3277 500 3377 rescripsissem
514 3308 521 3350 :
534 3280 611 3366 sed,
630 3296 669 3351 ut
684 3308 720 3353 es
737 3280 808 3352 siue
825 3294 951 3364 mente,
965 3299 1131 3357 veremur,

227 3391 278 3463 Ne
297 3390 360 3464 tibi
377 3410 413 3466 tu
429 3393 519 3467 dicas
533 3424 541 3468 :
556 3394 723 3467 Vicimus!
742 3391 797 3465 ille
814 3410 910 3465 tacet.

177 3505 225 3576 Ut
242 3503 305 3577 tibi
323 3505 386 3578 sim
399 3505 520 3592 facilis,
538 3536 616 3594 nee,
637 3535 711 3608 quae
728 3507 833 3607 petis,
853 3507 924 3605 ipse
944 3527 1109 3587 recusem,

224 3619 399 3720 Turpiter,
416 3640 449 3697 et
464 3622 561 3695 nullo
575 3623 661 3695 victa
678 3622 822 3721 pudore,
838 3646 947 3712 rogas.
1210 3651 1242 3686 20

183 3735 284 3831 Quod
299 3736 397 3811 simul
415 3758 453 3812 ut
470 3739 550 3834 legi,
571 3738 611 3812 de
627 3737 723 3810 Divis
741 3753 893 3838 questus,
913 3750 947 3806 et
962 3732 1053 3832 ipso,

224 3853 261 3924 Si
275 3871 353 3929 tuus
370 3872 422 3929 est
437 3883 599 3957 proavus,
618 3883 715 3954 quem
731 3852 835 3954 pudet
853 3879 940 3940 esse,
958 3852 1052 3924 Jove.

181 3966 327 4067 Jupiter,
343 3969 411 4043 hoe
426 3971 608 4071 probrum,
628 3970 712 4056 dixi,
730 3968 927 4069 stirpisque,
947 3986 1106 4069 tuumque

229 4084 447 4173 Dissimulas‚
466 4105 498 4159 et
515 4087 622 4159 adhue
638 4084 779 4159 crederis
797 4112 866 4159 esse
882 4085 994 4158 Deus!
