2790 4696
165 318 213 365 xu
550 295 846 366 PRAEFATIO.

165 445 285 532 lavore,
294 471 364 517 uon
371 443 568 545 increpitent
577 444 701 535 saltem,
710 461 860 521 extremos
867 448 946 521 riter
952 464 1070 523 eurum
1081 435 1226 546 (llos.);

163 596 199 653 et
220 607 260 652 eo
283 577 459 652 ridendum
479 579 584 674 magis
600 577 795 680 explodaut,
814 608 883 681 quo
898 580 1071 654 certiorem
1087 580 1228 682 palmam

166 709 459 810 praejudicavemut.
479 764 484 767 „
552 711 556 719 ’

216 845 329 917 Habet
343 844 430 918 euim
446 842 609 944 peculiare
622 845 687 918 hoc
704 861 738 918 et
751 842 863 932 fatale,
881 845 974 943 quod
991 845 1231 921 decemeudum

168 975 271 1049 uobis
286 992 464 1062 certamen,
484 991 523 1048 ut
536 956 610 1049 cum
623 992 722 1074 poeta
734 1001 786 1048 res
801 975 863 1062 sit,
881 1002 949 1074 quo
960 1002 1028 1048 nou
1043 976 1127 1051 alius
1140 977 1233 1051 aditu

168 1106 313 1208 facilior,
328 1133 398 1177 nou
413 1121 501 1179 tactu
517 1102 650 1178 mollior
666 1103 750 1178 alius
764 1104 914 1179 videatur
932 1133 941 1177 τ
958 1104 1118 1179 sedidem
1134 1133 1233 1205 quam

170 1256 325 1340 promtus
337 1235 546 1312 ethabilisiu
556 1237 722 1339 quaslibet
732 1239 935 1313 seseformas
947 1256 1083 1329 vertere,
1093 1241 1233 1314 Proteus

170 1367 268 1456 alter;
287 1385 386 1470 atque
397 1368 443 1442 ita
456 1369 587 1468 jamjam
601 1370 743 1445 tenentis
754 1399 773 1445 e
786 1371 939 1446 manibus
951 1372 1116 1460 excidere,
1130 1370 1233 1459 elabi,

171 1501 319 1593 effluere,
335 1531 465 1603 semper
476 1503 602 1592 varius,
617 1499 768 1578 uec'ideo
784 1522 892 1579 tamen
908 1506 960 1579 sui
976 1533 1123 1607 unquam
1136 1505 1234 1579 dissi-

170 1630 276 1708 milis!
296 1633 402 1709 donec
412 1635 528 1708 macris
538 1634 644 1708 vrirclo
651 1633 755 1730 magis
767 1636 918 1730 armagis
931 1633 1236 1710 contendenslabor

172 1765 363 1866 improbus,
382 1766 505 1839 victum
529 1766 690 1862 coegerit,
707 1784 740 1840 et
763 1767 842 1840 artis
864 1766 1088 1842 immemorem
1108 1769 1144 1840 in
1168 1794 1237 1840 sese

172 1897 298 1984 redire,
316 1914 349 1971 et
361 1895 492 1971 taudem
507 1897 654 1972 hominis
672 1927 729 1973 ore
746 1898 858 2001 loqui!
877 1900 972 1997 Quid
981 1900 1070 1974 euim
1082 1900 1172 1974 aliud
1181 1929 1238 1974 ve-

173 2045 259 2104 teres
270 2023 421 2104 'voluisse
438 2029 630 2120 credideris,
650 2061 754 2133 quum
771 2059 869 2106 suum
886 2033 1009 2107 Protea
1026 2032 1238 2119 effinxerunt,

174 2163 241 2239 nisi
251 2181 290 2238 ut
300 2163 497 2255 indicarent,
514 2194 579 2265 qua
589 2181 658 2237 arte
668 2182 830 2265 etopera,
842 2194 913 2241 rem
923 2167 1076 2241 'omnium
1090 2165 1258 2245 mobilis,

177 2298 309 2385 simam,
326 2313 460 2397 poetam
477 2294 620 2383 scilicet,
635 2297 844 2369 teneremus?

227 2428 323 2527 Quid
339 2429 460 2503 mirum
481 2428 600 2524 igitur,
619 2427 711 2528 quod
733 2443 784 2500 tot
803 2426 1043 2526 interpretibus
1059 2446 1126 2502 tam
1139 2428 1243 2501 multa

180 2558 289 2635 adhuc
311 2560 347 2633 iu
374 2559 498 2635 0vidio
515 2556 761 2660 interpretanda
779 2532 974 2632 exciderint!
994 2557 1065 2652 Qui
1084 2575 1192 2631 tamen
1211 2575 1244 2631 et

180 2711 266 2793 quot
278 2694 340 2767 viri
351 2712 502 2770 nostrum
510 2694 601 2769 huuc
611 2710 760 2796 poetam,
777 2690 819 2767 ab
831 2718 919 2764 auno
935 2690 1046 2784 1480,
1060 2691 1245 2766 adnostros

182 2853 289 2926 usque
307 2825 390 2915 dies,
410 2856 468 2902 seu
485 2827 622 2928 partim,
638 2854 698 2900 seu
716 2841 827 2898 totum
844 2839 1063 2923 susceperuut
1077 2821 1246 2896 illustran-

183 2957 282 3033 dum!
305 2959 354 3033 Ut
371 2960 459 3035 enirn
474 2960 650 3048 Volscum,
670 2955 898 3043 Calderiuum,
915 2953 1155 3041 Hubertinum,
1174 2955 1248 3026 Me-

185 3091 292 3168 rulam
306 3112 339 3168 et
353 3095 437 3169 alios
453 3095 619 3181 omittam,
638 3092 697 3193 qui
719 3090 866 3165 turbatas
888 3105 921 3162 et
942 3065 1112 3162 exulantes
1132 3087 1248 3160 Musas

187 3226 336 3329 hospitio
350 3227 449 3328 primi
459 3228 495 3300 in
505 3226 602 3300 Latio
614 3239 826 3324 exceperunt,
843 3221 997 3319 juverunt
1009 3217 1097 3292 curis
1114 3217 1252 3317 opibus·

190 3386 270 3458 que;
286 3374 319 3432 et
334 3357 477 3432 divinam
491 3357 618 3453 ingenii
632 3355 793 3429 flammam
807 3352 903 3452 quasi
917 3351 953 3423 in
965 3349 1080 3424 fomite
1091 3376 1252 3460 sacrosa-

190 3490 334 3590 pieutes,
346 3488 494 3563 feceruut
506 3505 549 3613 ut¹
556 3488 677 3561 sensim
690 3485 794 3560 varias
802 3487 947 3585 Europae
958 3498 1069 3583 partes
1078 3510 1118 3556 eo
1129 3479 1254 3554 lumine

191 3620 415 3708 collustraret,
429 3618 521 3720 quod
533 3646 731 3719 ueunquam
742 3617 981 3712 restinguatur,
998 3610 1084 3687 nihil
1091 3613 1158 3711 jam
1167 3639 1255 3684 nunc

193 3753 373 3827 verendum
390 3769 439 3827 est
456 3782 464 3826 :
481 3769 521 3825 ut
535 3750 627 3838 illos,
645 3751 799 3851 inquam,
818 3729 983 3836 omittam,
1001 3775 1143 3848 quorum
1158 3771 1257 3843 opera

94 3942 100 3971 ‚
193 3884 327 3957 emersit
337 3884 481 3984 primum
496 3881 638 3957 Ovidius
652 3868 788 3956 eminis
801 3879 956 3968 incendii,
969 3908 1037 3981 quo
1048 3905 1150 3974 graeoa
1158 3871 1256 3947 simul

93 4107 96 4113 ι
197 4033 232 4089 et
247 4044 384 4092 romana
396 4016 567 4091 urbanitas
575 4025 688 4115 'nuper
699 4015 931 4110 conflagrarat,
948 4012 989 4087 ad
1007 4026 1133 4088 aetatem
1147 4005 1257 4080 statim
