2754 5160
380 775 605 842 rumoni
629 776 951 844 mororrro.
1156 804 1199 869 79

130 915 197 988 llic
213 930 324 986 tecum
340 913 503 987 Troeaena
519 911 639 1001 colant,
656 914 804 988 Pittheia
818 942 922 1008 regna
938 943 947 986 :

181 1032 202 1101 J
206 1057 257 1102 am
273 1057 363 1102 nunc
380 1046 433 1102 est
447 1029 556 1129 patria
571 1029 694 1123 gratior
708 1026 765 1102 illa
779 1055 861 1101 mea.

130 1143 298 1242 Tempore
316 1143 432 1228 obest,
451 1142 622 1241 aberitque
640 1141 716 1227 diu,
733 1140 923 1241 Neptunius
940 1140 1066 1214 heros:

183 1257 284 1331 lllum
301 1258 446 1331 Pirithoi
464 1256 589 1331 detinet
606 1285 665 1329 ora
681 1255 744 1328 sui.
1155 1293 1199 1327 tto

133 1373 324 1475 Praeposuit
339 1373 503 1457 Theseus,
523 1371 588 1444 nisi
604 1371 635 1443 si
653 1367 827 1442 manifesta
842 1396 1014 1462 negamus,

184 1490 372 1563 Pirithoum
391 1488 553 1574 Phaedrae,
573 1484 828 1581 Pirithoumque
846 1481 918 1554 tibi.

131 1605 201 1678 Nec
218 1603 287 1677 sola
304 1605 374 1680 haeo
391 1601 492 1675 nobis
509 1599 630 1700 injuria
647 1597 738 1672 venit
755 1596 797 1668 ab
814 1594 872 1668 illo
889 1621 899 1664 :

181 1722 220 1793 ln
236 1719 364 1814 magnis
382 1716 453 1793 taest
467 1716 570 1790 rebus
586 1731 727 1813 uterque
742 1738 866 1785 sumus.

133 1943 182 1994 hus
194 1941 320 1994 Troeaene
331 1951 442 2011 utraque
461 1950 535 2011 parte
553 1939 642 1993 flucti-
690 1936 831 2003 tiloclrurn,
845 1935 901 2003 rel,
912 1945 943 1990 ut
955 1937 997 1990 alii
1008 1936 1117 2006 volunt,
1130 1940 1203 1993 hen-

133 2020 183 2072 bus
194 2019 270 2071 maris
281 2020 430 2072 feriebatur.
445 2022 537 2072 Aaou
545 2025 642 2071 ulrum-
690 2013 949 2083 mansa)qoiaditum
955 2015 1202 2071 omnemadsolium

134 2115 182 2165 que
196 2107 250 2149 erat
266 2097 293 2149 in
309 2097 411 2150 duobus
422 2116 429 2149 ι
440 2104 562 2165 elataque
578 2113 643 2149 vero
691 2091 891 2163 praeluderent
902 2092 1001 2161 Sieque
1013 2092 1109 2147 mulier
1121 2094 1204 2148 artifi-

134 2183 162 2226 et
177 2180 302 2243 utrumque
313 2175 386 2228 facile
398 2174 545 2228 confudisse
557 2173 642 2226 libra-
692 2172 761 2224 ciosa
774 2167 950 2241 Hippolytum
969 2170 1086 2241 undique
1097 2172 1203 2239 circuit,

134 2253 188 2304 rios
198 2271 229 2304 er
241 2253 392 2322 Propertio,
402 2250 496 2305 lihttt.
506 2251 579 2321 Eleg.
590 2268 641 2317 xx,
691 2258 800 2316 torquet
811 2257 838 2300 et
851 2259 1001 2317 oppugnat,
1013 2258 1044 2301 ut
1060 2248 1150 2303 innata
1161 2251 1205 2302 in-

135 2349 167 2381 or
178 2367 187 2395 ,
198 2340 313 2392 constat;
325 2340 353 2381 et
370 2339 457 2398 postea
471 2327 524 2382 ridi
535 2328 644 2382 Grono-
693 2343 780 2394 genno
792 2323 952 2378 adolescenti
964 2325 991 2378 in
1005 2336 1142 2395 parentem
1154 2328 1205 2397 pie·

135 2406 210 2457 vium
222 2407 253 2458 ad
269 2407 363 2459 Seuer„
375 2406 481 2476 Thyest
500 2426 561 2472 rra,
573 2405 645 2458 hunc
693 2413 746 2469 tas,
766 2422 798 2455 ex
815 2402 903 2454 animo
918 2404 1015 2456 sensim
1033 2404 1156 2458 elabatur.
1172 2433 1205 2445 -

135 2502 244 2535 versum
252 2484 289 2535 ita
297 2482 436 2550 adducere,
448 2483 507 2538 lieet
512 2483 578 2536 nihil
586 2501 647 2535 mo-
693 2483 755 2534 Nisi
763 2498 810 2532 uos
819 2479 958 2549 mussera
968 2500 1093 2548 nestoras.
1113 2485 1204 2550 higa-

136 2571 211 2614 neat.
222 2560 322 2612 Buten.
693 2576 763 2621 mus,
782 2557 896 2627 potiores
908 2558 1003 2628 scripti.
1017 2559 1167 2614 Puteaneus
1178 2574 1205 2613 et

177 2656 231 2710 roq.
248 2639 453 2704 Temporalem,
465 2641 590 2706 aben'lque
598 2639 646 2690 dele.
696 2634 884 2702 Farnesianus,
901 2641 957 2689 nr'sr'
969 2641 996 2688 sr‘
1009 2636 1145 2704 manifeste
1164 2659 1204 2691 ne·

137 2716 171 2769 ln
180 2715 583 2784 tempore,etopportuneabest;
590 2733 646 2783 que
691 2732 788 2781 {amc
798 2712 905 2780 Scribe,
916 2719 970 2766 nisi
977 2720 1005 2766 si
1010 2715 1147 2783 maniststa
1158 2736 1204 2768 re-

135 2793 193 2845 duo
205 2792 316 2845 Plautus
328 2793 406 2844 etiam
418 2793 445 2844 in
456 2792 576 2845 Asinaria
587 2811 646 2846 eon·
690 2811 787 2860 purus.
798 2791 946 2862 Eleganter.
960 2791 1074 2861 Epistola
1082 2793 1204 2849 lleleuae:

133 2870 231 2940 junxit.
247 2869 290 2923 Sic
304 2868 397 2922 Cicero
408 2870 435 2922 tn
448 2868 527 2924 offic.
539 2871 646 2925 Alc:-
693 2880 877 2929 seruaturum,
886 2882 924 2919 nto
933 2883 950 2919 o
959 2882 1052 2922 autom
1060 2884 1129 2923 mus.

132 2947 644 3016 namtemporeoenr'lQuomodoetalihi
695 2952 828 3007 Remedio
842 2952 963 3008 Amoris:

130 3027 214 3080 idem,
238 3027 339 3081 Hmes,
355 3055 389 3067 -
414 3030 533 3095 stmpooe
548 3031 625 3080 abes!
635 3066 644 3094 ,
693 3030 752 3070 Posse
760 3032 800 3082 poti
809 3030 865 3070 focile
874 3040 902 3069 est
908 3033 960 3081 ‚ni-i
970 3033 985 3069 si
997 3034 1088 3084 petientia
1099 3035 1156 3075 derit.

129 3109 261 3174 abeatque
274 3108 332 3167 diu,
349 3115 398 3158 etc.
410 3105 494 3159 Solvit
506 3124 564 3174 quc
576 3123 645 3174 pro-
695 3102 736 3156 lta
749 3103 822 3156 euim
836 3122 929 3156 censeo
941 3105 1145 3161 rescribendum.

132 3182 215 3252 posito
237 3182 328 3236 obesse
351 3184 502 3252 potuissent
525 3182 645 3237 Theseus
730 3182 783 3232 113.
800 3184 922 3234 Il'ecsola
937 3186 1040 3235 decad
1051 3205 1098 3236 ros
1110 3189 1206 3257 inficeris

132 3264 221 3325 abest,
244 3281 286 3314 res
305 3261 385 3331 igitur
407 3261 504 3315 facilis:
516 3265 646 3330 aberitque
694 3265 771 3313 venet.
784 3261 826 3313 Ab
839 3261 868 3314 iis
884 3281 941 3330 quae
953 3274 1014 3316 suut
1026 3262 1127 3321 levioris
1140 3288 1205 3321 mo-

132 3340 185 3399 dia,
193 3358 330 3408 uunquam
338 3339 405 3392 sorte
413 3336 647 3392 rediturus.Dem-
695 3339 794 3404 menti,
807 3339 835 3390 in
847 3359 877 3392 ea
890 3343 1003 3394 excurrit
1012 3363 1069 3412 quae
1078 3345 1204 3417 insignio-

134 3425 163 3467 to
175 3415 209 3469 sic
220 3417 352 3486 periculo,
367 3416 494 3469 invidiose
509 3417 600 3470 tramit
612 3415 645 3468 ad
695 3435 752 3468 rem
766 3416 881 3486 persidio:
901 3422 1019 3492 conjugis
1034 3423 1062 3473 in
1078 3444 1204 3487 uxorem,

133 3514 165 3546 ea
177 3514 234 3562 que
247 3506 349 3564 patrem
362 3495 389 3546 in
402 3493 494 3547 odium
512 3494 557 3547 tilii
569 3505 646 3564 pote-
695 3503 721 3546 et
742 3495 821 3563 patris
842 3496 868 3548 in
888 3497 971 3551 silium
996 3512 1087 3552 notam
1107 3520 1159 3570 prm
1178 3522 1204 3551 se
1277 3491 1284 3513 '¹

132 3582 195 3623 rant
207 3571 342 3627 adducere.
358 3600 392 3614 -·
409 3575 549 3639 Neptumics
564 3576 645 3625 heros.
694 3572 797 3640 serunt,
813 3586 841 3626 ut
853 3578 940 3629 veniat
953 3578 1111 3648 Hippolytus
1123 3577 1149 3631 iu
1162 3597 1205 3627 so-

136 3649 505 3704 lronieedietumerediderim
516 3672 521 3713 ;
534 3650 644 3703 minime
694 3650 814 3703 cietatern
833 3653 944 3720 injurio.
969 3655 1140 3722 Quapropter
1157 3672 1204 3705 se-

135 3724 213 3777 enim
224 3727 337 3790 heroica,
350 3747 406 3797 quae
419 3747 480 3781 mox
491 3729 595 3781 reseret.
695 3730 786 3796 quenti
799 3749 891 3782 versu:

175 3822 229 3853 ΙΙΙ.
246 3804 384 3871 Prlpom'!
398 3808 516 3867 Theseus,
528 3816 575 3859 ele.
584 3807 646 3859 Ma-
756 3820 779 3855 lu
789 3820 862 3866 uiugniu
872 3820 911 3855 lmri
922 3819 978 3856 robus
988 3827 1070 3866 uterque
1077 3830 1148 3855 turnus.

133 3879 209 3948 ligne
221 3892 338 3934 recenset
350 3882 459 3935 Phaedra
470 3883 565 3937 Thesei
574 3905 644 3937 eon·
694 3917 727 3930 -
743 3891 803 3939 Sola
824 3909 871 3940 nec
892 3894 965 3948 hac,
983 3889 1088 3956 scripti,
1110 3900 1203 3957 praeter

133 3957 206 4026 jugis
218 3958 339 4037 facinora.
350 3961 488 4028 Pmposur‘!
499 3962 644 4034 Hippolyto
695 3965 872 4018 Barberiuum
897 3966 1014 4019 codicem
1039 3976 1065 4016 et
1093 3968 1205 4022 alterum

135 4033 437 4092 Pirithoumzl’haedrae
453 4041 562 4093 fratrem
585 4040 645 4092 Mi-
695 4043 886 4096 Lovaniensem
912 4043 1047 4094 societatis
1065 4044 1147 4112 Jcsu,
1176 4049 1203 4101 in

134 4122 282 4165 notaurum
295 4113 363 4167 clara
376 4119 529 4184 prostravit,
543 4120 644 4186 ipsam·
696 4121 805 4190 quibus:
822 4121 884 4171 Sola
899 4140 946 4171 nec
960 4123 1015 4172 laec
1028 4126 1100 4174 nobis
1111 4126 1205 4190 ehjun'a

134 4210 189 4259 que
215 4190 345 4262 Antiopen
371 4194 509 4268 Hippolyti
532 4206 645 4249 matrem
695 4198 1055 4267 venet.Elegonter.To'verire
1064 4204 1134 4254 euim
1143 4224 1203 4259 rum

129 4287 195 4321 ense
201 4276 311 4336 peregri,
323 4283 349 4324 et
361 4293 394 4326 ne
404 4281 509 4341 nuptam
521 4272 643 4342 quidem,
696 4279 773 4330 tertio
785 4297 844 4329 cosu
864 4279 949 4349 jungit
967 4282 1118 4349 frequenter
1131 4283 1203 4337 Ovi-

132 4366 169 4398 ne
186 4366 266 4416 regna
283 4361 392 4418 paterna
413 4351 550 4421 quondam
568 4371 646 4406 occu-
696 4355 769 4422 dius,
784 4367 812 4407 ut
832 4358 858 4408 in
871 4358 952 4410 Fustis
964 4359 1005 4411 tit.
1015 4378 1049 4429 v,
1065 4364 1131 4430 ott,
1149 4362 1201 4416 side

133 4435 208 4493 paret
224 4425 298 4479 filius.
320 4429 481 4496 Quinetiam
487 4429 585 4496 fratres
597 4433 646 4480 ad·
698 4435 858 4505 optimorum
871 4438 1003 4493 mdiffln„

132 4506 201 4555 (ΜΠ
212 4504 437 4574 (Demophoonla
450 4506 545 4559 tclllcel
554 4518 579 4560 el
592 4508 645 4580 thn-
757 4528 782 4565 tt
792 4529 868 4567 taudem
879 4530 928 4568 caco
938 4532 1003 4571 ‹teutu
1012 4547 1067 4585 pone
1077 4532 1137 4571 uenit·
