2790 4696
544 279 840 374 pransuro.
1191 332 1228 380 rr

165 473 305 547 Ltmtt
319 466 564 563 cogitaverunt,
585 468 697 565 magni
706 467 810 543 refert
821 466 899 541 illos
915 466 1013 557 scire,
1037 498 1181 572 quorum
1192 473 1228 547 iu

162 628 285 678 manus
303 597 528 687 inciderimus;
551 617 592 673 ut
613 599 642 673 si
663 598 745 700 quid
758 598 933 699 promissis
952 600 1058 699 majus
1076 603 1229 703 protule-

164 732 287 818 rimus,
308 729 611 825 congratulentur:
635 730 761 805 sivero
785 729 866 831 quid
888 730 1022 823 minus,
1042 761 1138 836 equo
1153 736 1229 836 jure

167 861 351 965 postulent

213 995 319 1068 Porro
341 1008 450 1068 auteur
474 1010 626 1067 nostrum
647 992 830 1095 unicuique
850 995 1080 1096 prescriptum
1098 996 1229 1072 incum-

162 1126 283 1216 bebat,
313 1135 358 1199 1⁰.
373 1144 413 1200 ut
426 1142 553 1206 textum
564 1124 735 1203 exhiberet
747 1125 1059 1221 castigatissimum
1086 1124 1177 1228 quod
1190 1145 1230 1201 ut

163 1275 408 1358 assequeretur,
432 1257 501 1332 sive
520 1257 720 1358 optimarum
737 1255 917 1333 lectionum
937 1257 1139 1349 collatione,
1161 1260 1229 1334 sive

163 1389 262 1464 MSS.
289 1413 376 1493 ope,
398 1390 429 1465 si
450 1409 537 1491 quos
551 1390 680 1491 priores
700 1389 857 1465 Editores
873 1389 925 1464 vel
944 1390 1154 1486 ignorarint,
1179 1387 1231 1465 vel
1285 1478 1293 1500 .

163 1519 385 1616 neglexerint,
409 1520 573 1622 cujusque·
596 1521 735 1596 arbitrio
758 1522 1021 1623 permittebatur.
1049 1532 1098 1596 2⁰.
1123 1521 1230 1595 Utin

161 1651 324 1750 judicium
344 1652 576 1728 addicerentur
598 1654 799 1755 quicumque
819 1681 839 1726 a
857 1652 1106 1728 renascentibus
1125 1650 1231 1726 literis

165 1783 206 1857 ad
228 1812 291 1867 uos
309 1813 436 1887 usque,
457 1787 603 1872 Latinos
618 1786 805 1888 Scriptores
831 1783 1122 1871 adnotationibus,
1139 1810 1231 1857 eom-

163 1917 335 1992 mentariis
349 1936 383 1993 et
397 1918 671 2021 interpretatione
685 1917 911 2005 illustrarunt,
925 1933 960 1991 et
973 1914 1135 2018 quidquid
1153 1914 1232 1990 inde

28 2048 35 2064 ⁴
167 2050 257 2122 succi
274 2067 309 2123 et
322 2049 457 2124 roboris
473 2068 589 2152 posset
604 2051 762 2150 exprimi,
784 2051 821 2124 in
841 2067 995 2125 nostrum
1015 2076 1103 2149 opus
1123 2065 1230 2123 mans·

166 2180 280 2253 susum
304 2179 480 2255 indueret:
502 2183 549 2257 ita
568 2201 694 2271 tamen,
715 2198 755 2257 ut
771 2210 869 2257 suum
891 2181 1017 2282 ubique
1035 2180 1095 2280 jus'
1110 2180 1232 2256 Editor

165 2339 273 2384 novus
282 2311 435 2386 retineret
448 2312 681 2402 abbreviandi,
695 2311 875 2414 ampliandi
887 2330 921 2387 et
932 2311 1119 2409 corrigendi
1133 2311 1232 2413 quid.-

164 2442 244 2543 quid
265 2443 399 2524 brevius
418 2442 620 2539 longiusve‚
639 2461 698 2519 aut
717 2445 880 2521 mendose
899 2444 1025 2520 dictum
1045 2444 1230 2546 depreben-

162 2574 261 2649 deret„
288 2573 340 2647 3⁰.
368 2575 523 2675 Denique
546 2579 677 2676 (neque
692 2575 758 2650 boc
775 2576 956 2677 provincie
971 2593 1093 2650 uostrre
1110 2603 1232 2650 munus

161 2704 387 2800 levissimum)
402 2723 442 2783 ut
457 2704 625 2807 quidquid
640 2706 682 2781 ad
698 2707 861 2782 sermonis
874 2707 1095 2783 sinceritatem
1115 2723 1150 2781 et
1163 2705 1232 2781 ele-

163 2840 307 2935 gantiam
317 2855 503 2940 spectaret,
518 2838 683 2940 quidquid
696 2838 906 2918 addictionis
918 2839 1048 2941 lepores
1064 2837 1115 2913 vel
1130 2812 1229 2914 etiam

162 2970 255 3060 vitia,
278 3000 320 3046 co
335 2969 530 3066 diligentius
546 2969 775 3059 adnotaretur,
794 2999 862 3072 quo
879 2999 956 3072 pars
974 2986 1013 3046 ea
1035 2965 1155 3046 criticae
1178 2969 1230 3043 iu·

162 3100 409 3202 terpretationis
431 3099 640 3202 frequentius
671 3101 761 3202 apud
791 3102 1077 3183 Commentatores
1102 3099 1232 3174 deside-

163 3248 263 3304 ratur.
278 3234 358 3313 llaec
368 3231 498 3328 eunctis
512 3230 668 3324 obeunda
678 3233 811 3322 munia3
825 3233 883 3308 sed
892 3234 982 3311 vatio
995 3252 1104 3309 tamen
1114 3228 1231 3318 modo,

160 3378 268 3460 prout
283 3361 485 3461 postularet,
503 3364 560 3464 qui
576 3363 696 3464 cuique
714 3363 864 3465 Scriptor
879 3361 1146 3465 interpretandus
1164 3361 1230 3435 ob·

157 3490 298 3585 ,tigissct
317 3522 325 3566 :
344 3494 431 3581 unde
447 3494 503 3585 fit,
520 3514 560 3571 ut
577 3494 619 3569 ad
635 3495 788 3585 cumdem
806 3495 922 3584 finem,
945 3495 1003 3570 sed
1024 3493 1154 3570 diverso
1170 3493 1228 3568 iti—

157 3652 257 3712 nere,
274 3619 397 3727 pariter
413 3657 530 3705 omues
546 3628 830 3709 contenderemus.

209 3758 313 3856 Quod
329 3763 463 3864 quidem
478 3764 515 3840 in
530 3760 740 3856 curriculum.
751 3760 831 3836 lieet
844 3757 1011 3859 promtior
1023 3757 1154 3848 forsan,
1169 3786 1230 3834 nce

153 3889 254 3990 justis
265 3886 369 3968 armis
381 3894 564 3971 instructus
577 3892 817 3979 descenderim,
835 3889 986 3966 'conabor
1000 3907 1125 3980 tamen,
1142 3906 1181 3966 ut
1196 3889 1228 3964 si

158 4027 922 4127 uonproecedsutibusiustuotau'mcspectetore's
933 4026 1052 4129 plausu
1064 4023 1183 4100 tollant
1196 4039 1230 4096 et
