2790 4696
163 336 210 389 xx
541 319 830 393 PRAEFATIO.

162 461 369 558 rarietatem,
387 496 485 571 quam
502 470 557 544 alii
575 491 668 547 tanto
687 503 803 577 opere,
823 490 857 549 et
870 488 922 547 tot
933 501 951 547 e
964 470 1221 569 MSS-diligen-

163 601 287 675 tissime
300 603 387 676 inter
400 629 433 676 se
447 600 591 693 collatis,
607 608 850 707 expresserant,
865 603 903 678 in*
916 605 1026 706 operis
1037 605 1145 679 nostri
1156 604 1223 678 uti·

163 730 287 806 litatem
303 751 524 809 converterem
536 792 546 822 ,
557 740 624 810 'nec
642 764 737 811 curas
752 736 838 811 ultra
854 735 1102 836 protenderem,
1121 761 1223 835 quum

164 861 229 962 ipsi
245 864 364 938 editori
380 864 494 961 ¹futuro
509 867 697 969 praedixisse
714 866 887 939 videantur
902 892 911 936 ε
926 893 986 951 uon
996 863 1142 962 procedes
1157 891 1223 940 arn·

156 997 267 1096 plius!
289 998 387 1092 Quos
409 998 496 1069 enim
520 1026 576 1071 sen
595 997 746 1097 propria,
769 995 836 1068 sive
853 992 958 1067 aliena
979 1018 1080 1093 opera
1103 1021 1225 1070 consu·

162 1124 281 1221 leudos
297 1123 522 1197 adhibuerunt
538 1124 643 1199 libros
665 1152 764 1199 manu
787 1141 956 1211 exaratos,
982 1120 1034 1200 rel
1056 1123 1143 1225 typis
1159 1124 1224 1199 im·

163 1280 316 1356 pressos,
333 1252 445 1328 nullus
458 1272 508 1328 est
523 1254 698 1330 dubitandi
708 1255 816 1343 locus,
830 1255 911 1355 quin
925 1283 1052 1329 summa
1064 1252 1224 1350 religione

163 1386 381 1486 inspexerint,
399 1387 515 1487 suique
529 1387 627 1463 fidem
642 1417 679 1465 ea
694 1389 780 1464 dere
797 1388 933 1463 omnino
948 1387 1079 1463 saciant
1106 1389 1224 1488 Neque

163 1535 273 1592 tamen
293 1546 355 1614 ego
370 1546 422 1592 me
438 1518 473 1591 in
492 1517 591 1592 verba
609 1518 660 1593 vel
678 1521 910 1616 magistrorum
932 1537 1100 1594 tantorum
1114 1518 1226 1617 juram

163 1649 357 1724 adstrictum
373 1648 455 1724 adeo
472 1649 667 1736 existimari,
685 1667 724 1723 ut
741 1649 904 1751 quidquid
919 1650 968 1723 illi
982 1648 1222 1746 congesserint,

163 1781 257 1857 nullo
273 1781 469 1870 discrimine,
482 1783 628 1856 examine
639 1778 743 1869 nullo,
755 1781 790 1854 in
801 1798 954 1856 nostrum
962 1782 1028 1855 hoc
1043 1808 1129 1881 opus
1142 1809 1223 1881 qno·

165 1939 230 2012 qne
248 1937 458 2004 congererem
472 1942 481 1997 3
506 1911 564 1985 sed
579 1940 617 1985 ea
632 1928 761 1998 tantum
776 1911 1002 2000 admitterem,
1028 1910 1117 1984 unde
1137 1936 1224 1984 nova

162 2041 222 2116 lux
232 2041 274 2115 ad
286 2042 395 2142 ipsum
408 2059 574 2116 auctorem
586 2042 800 2133 redundaret,
814 2063 847 2119 et
857 2044 1034 2141 refulgeret
1045 2043 1220 2131 sententia,

163 2171 364 2274 repercussis
378 2172 456 2244 hinc
472 2189 505 2246 et
520 2171 612 2247 illinc
632 2174 830 2273 opinionum
846 2175 1029 2250 luminibus
1047 2175 1219 2249 illustrata.

166 2303 235 2399 Qui
252 2301 397 2377 delectus
411 2303 558 2404 quidem,
575 2304 652 2378 licet
667 2332 720 2378 res
738 2303 885 2376 omnium
903 2322 1037 2404 aspectu
1050 2306 1160 2404 primo
1172 2303 1222 2378 sa·

84 2543 86 2548 Ι
165 2432 302 2523 cillima,
318 2463 358 2508 eo
375 2434 452 2536 plus
468 2453 575 2509 tamen
593 2436 627 2508 in
641 2464 675 2509 se
693 2432 896 2507 difficultatis
911 2432 1049 2522 habuit,
1067 2464 1134 2534 quo
1148 2435 1224 2510 den·

166 2565 235 2639 sior
251 2565 286 2639 in
301 2566 459 2641 Ovidium
472 2595 540 2641 nor
553 2594 593 2640 eo
609 2566 683 2666 ipso
698 2567 883 2660 ingruerat,
904 2565 1012 2664 quod,
1031 2591 1133 2663 quum
1147 2563 1221 2639 dore

165 2695 262 2768 lucem
279 2695 391 2796 plures
411 2697 642 2794 cogitaverint,
646 2697 772 2797 suarum
783 2695 954 2796 refulgere
975 2693 1125 2768 dederint
1142 2720 1224 2770 non-

164 2824 267 2914 nulli,
279 2846 313 2902 et
321 2856 374 2901 res
382 2829 428 2902 ita
440 2828 633 2930 plerumque
648 2827 911 2916 obscuraverint,
926 2844 965 2899 nt
973 2825 1119 2900 solemne
1131 2827 1223 2900 istud

143 2943 145 2948 ⁷
153 2957 223 3058 fiat
240 2957 298 3031 luz
310 2986 381 3031 non
390 2986 465 3031 raro
472 2958 572 3032 fuerit
581 2959 751 3058 interpreti
761 2985 850 3030 novo
861 2954 1142 3051 conclamaudum.
1156 2955 1222 3028 Sed

170 3088 268 3163 duces
292 3087 442 3175 aderant,
461 3116 541 3188 quas
559 3086 673 3161 dicunt
689 3087 860 3188 primarias
874 3086 1053 3172 editiones,
1072 3113 1144 3184 qua
1159 3083 1222 3157 ‹ln-

167 3220 262 3294 bium
278 3246 373 3292 omne
388 3216 566 3307 solverent,
583 3217 644 3292 ubi
659 3217 832 3290 dubitandi
848 3215 951 3291 locus.
969 3215 1035 3287 vix
1051 3215 1138 3289 enim
1151 3244 1222 3289 cre-

169 3351 286 3439 dibile,
307 3367 388 3452 quot
411 3350 446 3422 in
472 3376 599 3423 errores
617 3376 783 3449 pronum,
808 3363 891 3448 quot
906 3363 940 3420 et
955 3374 1054 3447 quam
1069 3347 1222 3443 gravibus

165 3481 294 3555 mendis
305 3480 533 3556 scaturientem
541 3477 697 3552 finxerint
708 3480 902 3580 scriptorem
912 3479 1060 3552 omnium
1071 3477 1223 3580 liquidis·

136 3618 138 3623 '
168 3607 305 3697 simum,
332 3612 545 3713 eumdemque
565 3609 800 3697 cultissimum,
821 3610 878 3710 qui
896 3611 1097 3706 corrigendi,
1113 3639 1224 3687 emen-

169 3736 281 3822 dandi,
296 3742 495 3816 'restituendi
516 3739 658 3815 Nasonis
673 3737 801 3812 laudem
817 3740 882 3813 sibi
898 3742 993 3816 unice
1009 3741 1222 3838 adrogabant.

169 3864 341 3965 Laudandi
354 3896 446 3959 sane,
464 3900 565 3973 quum
576 3869 668 3945 locos
682 3871 840 3969 temporis
853 3870 988 3970 injuria,
1006 3873 1057 3948 vel
1070 3870 1224 3945 librario-

170 4025 243 4072 rum
265 3994 414 4096 priorum
428 4000 557 4074 inscitia
575 3997 743 4075 mauifeste
761 4001 975 4102 depravatos,
994 4003 1094 4079 MSS.
1113 4000 1225 4086 subsi-⁸
