2790 4696
516 328 875 398 consonerro
1160 331 1227 426 409

163 470 233 544 Nec
249 466 404 540 nocuisse
421 464 500 556 ulli,
518 485 552 542 et
564 467 732 543 fortunam
746 468 904 543 habuisse
921 468 1083 543 nocendi?

211 585 281 655 Nec
300 610 496 682 quemquam
512 612 632 658 nervos
649 585 838 659 extimuisse
857 585 957 658 tuos?

163 700 234 773 Nec
251 698 338 771 vires
355 727 478 773 errasse
497 717 570 774 tuas
586 702 780 801 Campoque
796 703 951 800 Foroque
965 728 975 792 ;

215 814 390 914 Quamque
408 814 492 890 libet
508 817 590 890 citra
606 816 810 891 continuisse
824 814 982 889 domum?
1192 840 1225 892 50

165 932 291 1030 Nempe
308 959 367 1029 per
383 929 447 1003 hos
464 930 562 1005 etiam
574 933 730 1005 Fortuna
746 930 867 1028 injuria
883 957 992 1003 mores

215 1045 363 1138 Regnat3
382 1060 415 1116 et
431 1044 554 1118 incerta
571 1063 622 1118 est
637 1044 693 1118 hie
710 1073 843 1145 quoque
860 1045 938 1117 nixa
954 1059 1038 1116 rota.

166 1160 230 1234 llic
249 1183 380 1260 quoque
399 1161 540 1235 sentitur
554 1191 562 1234 :
576 1189 618 1234 ne
635 1161 716 1260 quid
733 1189 803 1233 non
819 1160 974 1260 improba
989 1176 1120 1261 carpat,

213 1274 327 1362 Savit;
345 1292 379 1349 et
395 1274 556 1373 injustum
570 1276 625 1373 jus
643 1275 709 1348 sibi
727 1275 852 1375 ubique
871 1273 959 1349 lacit.

165 1387 298 1462 Scilicet
313 1389 469 1462 immunis
486 1389 514 1462 si
532 1389 641 1463 luctus
659 1418 725 1462 una
742 1389 860 1463 luisset

213 1504 321 1592 Livia,
339 1506 495 1579 Fortunae
512 1534 613 1600 regna
629 1506 758 1600 minora
774 1503 911 1579 forent?

166 1620 282 1717 Quid?
298 1621 327 1693 si
345 1648 414 1693 non
430 1621 548 1694 habitu
566 1622 613 1694 sic
629 1649 663 1695 se
682 1621 838 1715 gessisset
856 1620 892 1694 in
910 1619 1018 1707 omni,

213 1740 262 1811 Ut
278 1766 338 1812 sua
353 1766 424 1811 non
441 1755 551 1811 essent
567 1737 729 1810 invidiosa
743 1737 856 1810 bona?

167 1852 304 1927 Caesarm
321 1851 404 1927 adde
423 1851 572 1941 domum3
588 1880 661 1952 qua
676 1869 777 1940 certe,
795 1850 920 1925 funeris
936 1878 1069 1951 expers,

164 2057 281 2113 virtutes.
291 2057 405 2128 Legebat
417 2057 534 2113 Clericus
544 2061 623 2127 (Jean
633 2062 670 2113 le
751 2062 790 2112 51.
797 2061 893 2125 Nempe
895 2078 945 2126 per
951 2060 997 2110 hos
1003 2075 1090 2110 mores.
1098 2056 1227 2111 Nonnihil

135 2178 138 2186 .
167 2136 270 2200 Clerc).·
287 2138 524 2204 Quidvepndicilc'ae
541 2137 669 2205 (pmsuit)
716 2133 788 2188 locus
810 2133 852 2190 bic
870 2135 949 2188 babet
971 2133 1147 2199 difficultatis,
1168 2153 1226 2202 quae

163 2217 238 2267 turba
246 2216 370 2267 inviolata
380 2218 517 2271 bonorum?
717 2223 806 2267 tamen
825 2214 910 2267 omnis
928 2213 1080 2278 evanuerit,
1097 2211 1177 2264 modo
1193 2211 1227 2265 ad

196 2293 236 2360 47.
252 2292 307 2344 Nec
315 2299 430 2346 nocuisse
437 2297 534 2354 ullr',et
536 2292 669 2362 sardanum
716 2292 907 2345 sententiarum
925 2291 995 2345 inter
1008 2310 1035 2344 se
1055 2289 1177 2343 ordinem
1200 2300 1227 2343 et

162 2367 401 2425 hatuetsenocendt
413 2370 670 2439 Hancquoquelau-
716 2369 884 2424 concordiam
907 2368 985 2439 paulo
1007 2368 1157 2437 respexeris.
1176 2369 1229 2419 Per

165 2440 227 2496 dem
238 2444 338 2498 Patere.
348 2445 396 2500 loc.
407 2447 449 2501 cit.
466 2447 544 2501 Livia
561 2447 668 2515 tribuit,
716 2449 763 2500 hos
774 2465 854 2499 enom
865 2444 1080 2516 intelligendum,
1093 2463 1154 2497 meo
1167 2444 1227 2513 qui-

165 2520 283 2588 «cufim,
300 2522 407 2592 inquit,
426 2524 571 2594 potentiam
589 2544 669 2578 nemo
716 2524 779 2577 dem
790 2523 902 2592 judicio,
919 2522 951 2576 de
963 2523 994 2577 iis
1012 2522 1170 2593 principibus
1181 2521 1226 2591 qni

161 2597 257 2666 sensit,
271 2600 320 2652 nisi
336 2612 382 2655 aut
399 2602 527 2655 levatione
543 2602 667 2672 periculi,
716 2601 878 2656 insolentiori
889 2601 1013 2672 potentiae
1025 2619 1078 2654 suae
1087 2619 1150 2665 usu,
1161 2600 1224 2652 ani-

162 2685 208 2728 aut
218 2678 362 2732 accessione
372 2678 510 2750 dignitatis.
523 2704 536 2727 »
716 2690 930 2750 mosexasperant
937 2679 1035 2748 ;sicque
1043 2679 1155 2731 fortuna
1163 2678 1226 2730 sub·

195 2757 288 2827 49-50.
305 2758 360 2810 Nec
370 2761 436 2811 vires
447 2778 544 2812 errasse
553 2766 611 2813 tuas
621 2769 669 2814 eto
716 2759 833 2812 serviunt
843 2757 932 2824 inscii,
944 2775 1002 2825 quae
1013 2755 1087 2808 brevi
1100 2755 1224 2809 amiseris

165 2826 238 2898 Quid
250 2832 322 2901 juvat
337 2854 387 2889 nee
402 2836 524 2907 suffragia
540 2837 567 2890 in
580 2839 669 2891 comi·
716 2855 805 2906 poenas
817 2835 912 2905 repetit
922 2833 1015 2887 favoris
1027 2833 1074 2887 sui.
1085 2833 1165 2887 Unde
1177 2833 1225 2897 fit,

163 2905 221 2975 tiis,
234 2927 283 2964 nec
294 2912 321 2965 in
334 2913 392 2965 soro
403 2912 498 2979 judicia
509 2915 667 2985 corrupisse,
717 2923 747 2966 ut
758 2914 865 2968 miscere
874 2912 1049 2984 principatum
1056 2930 1117 2966 cum
1125 2909 1226 2978 publica

163 3003 246 3053 quum
257 2999 400 3058 utrumque
412 2990 475 3055 tibi,
486 3010 534 3059 pro
547 2993 597 3046 tuis
608 2983 683 3045 vrri-³
717 2991 835 3046 libertate
844 2991 877 3045 sit
885 3010 928 3043 res
936 2989 1056 3042 omnium
1064 2985 1225 3048 difficillime

162 3063 224 3124 bns,
242 3065 315 3133 (quae
335 3076 379 3119 tua
397 3076 436 3119 est
453 3069 584 3137 potentia)
598 3071 669 3124 facile
717 3070 845 3138 statioque
859 3068 902 3133 (in
910 3076 967 3118 rota
979 3063 1101 3125 fortune)
1112 3061 1224 3114 maxime

164 3139 307 3194 admodum
319 3144 493 3197 cessissett-
505 3148 632 3216 Quamque
641 3151 670 3199 li·
717 3144 822 3199 lubrica.
840 3141 912 3196 Nihil
929 3139 1016 3205 aliud,
1032 3136 1130 3202 credo,
1148 3147 1226 3206 poeta

164 3219 208 3267 be!
220 3223 285 3271 ce‘tm
302 3227 463 3274 constituere
477 3227 582 3276 domum.
598 3227 671 3276 Vires
719 3221 800 3273 voluit
813 3220 932 3272 innuere.

163 3293 292 3348 subintell.
304 3308 349 3350 aut
362 3316 467 3364 acervos,⁸
483 3310 510 3353 et
524 3301 584 3353 sice
597 3317 670 3368 pre·
751 3298 790 3350 53.
803 3297 966 3363 Nequidetc
978 3293 1034 3345 Neu
1042 3291 1083 3345 rel
1091 3311 1151 3345 nece
1162 3311 1223 3347 cum

92 3401 95 3405 ·
164 3369 268 3424 cedenti
279 3374 325 3441 48,
335 3374 527 3444 interpreteris:
537 3376 608 3429 nulla
619 3375 669 3427 do-
719 3372 835 3427 Heinsio
847 3370 909 3440 legit
921 3369 962 3422 Cl.
973 3367 1051 3421 Beck.

164 3467 222 3503 mus
233 3461 286 3519 est,
296 3453 463 3520 quantumvis
473 3452 577 3506 humilis
590 3456 669 3522 (qum
751 3451 790 3517 54
806 3447 982 3517 Injuslumjus
992 3450 1139 3514 sr‘br'udr'pue
1144 3445 1225 3515 sace't.

163 3526 236 3593 libet)
249 3548 307 3597 quae
319 3528 381 3599 quid
391 3530 471 3597 possis
480 3549 597 3599 unquam
605 3536 669 3584 esti·
718 3528 778 3581 Hoc
787 3527 835 3581 sibi
846 3527 950 3579 fortuna
962 3535 1065 3596 arrogat
1075 3526 1184 3593 injuste,
1194 3537 1224 3578 ut

161 3605 669 3678 meentbegendumigiturcumHein-
716 3611 805 3675 nbr’qae
818 3604 978 3659 dominetur.

161 3683 213 3747 sio,
223 3690 391 3750 conteiem‘sse;
404 3685 474 3755 quod
485 3705 546 3755 ego,
557 3696 668 3755 quanta-
750 3687 790 3737 55.
799 3686 1044 3736 Immunestnctus.
1053 3683 1174 3736 lucle'dus
1182 3701 1224 3734 vo
1268 3724 1273 3729 .

161 3779 274 3830 cumque
285 3762 318 3815 sit
327 3781 386 3816 mea
398 3763 425 3815 in
433 3774 531 3817 textum
542 3783 668 3818 reveren·
715 3763 784 3817 lebat
797 3759 1225 3823 Heinsiustscdnihilmutandum.

162 3837 214 3903 tia,
228 3838 354 3892 inducere
372 3850 460 3894 tamen
476 3860 531 3894 non
543 3841 667 3895 dubitavi.
749 3844 788 3910 57.
803 3844 889 3908 Quid?
900 3844 1076 3894 se'nonbabr'lu
1086 3849 1134 3895 etc.
1149 3840 1222 3893 For-

163 3915 210 3969 Est
218 3914 289 3968 enim
297 3916 421 3985 quiddam
432 3918 502 3972 inter
512 3920 667 3973 effrenatam
715 3929 787 3973 tunae
793 3917 843 3973 hoc
854 3917 924 3971 laudi
933 3919 1031 3986 tribuit,
1040 3937 1097 3988 quae
1105 3917 1184 3970 talem
1194 3938 1220 3970 se

163 3993 337 4061 quorumdam
354 3994 501 4064 licentiam,
517 4008 543 4050 et
557 3996 667 4050 mdes·
714 4015 818 4066 semper
825 4008 1005 4067 gesserat,quo
1012 3996 1153 4059 minorem,
1162 4012 1220 4063 quae

163 4070 226 4124 tiam
237 4072 306 4126 atior.
316 4073 400 4127 multo
406 4074 666 4144 circumspectiorem.
714 4073 822 4145 largitur
829 4076 908 4143 bona,
920 4074 1221 4131 invidiamsuitaeerent.
