2790 4696
212 309 253 375 32
569 310 828 380 EPISTOLA
856 315 908 380 11.

210 446 272 519 Dis
291 473 426 546 quoque
444 444 667 523 credidimus:
686 479 754 551 quo
770 451 837 550 jam
854 468 906 525 tot
921 453 1063 554 pignora
1079 459 1200 533 nobis?

257 566 353 638 Parte
371 564 449 637 satis
466 563 563 665 potui
581 564 729 664 qualibet
746 567 823 642 inde
841 567 924 669 capi.

207 684 276 756 Nec
293 709 441 768 moveor,
462 678 553 779 quod
571 696 602 754 te
616 680 687 780 juvi
704 699 871 784 portuque
886 681 1027 785 locoque
1042 717 1051 761 ε
1236 710 1268 762 55

257 794 385 868 Debuit
403 794 473 869 hac
490 795 599 869 meriti
616 823 745 871 summa
761 796 864 872 luisse
880 798 955 872 mei.

207 911 364 1012 Turpiter
379 910 563 1012 hospitium
580 911 666 986 lecto
685 910 867 987 cumulasse
882 911 986 1009 jugali

254 1027 412 1113 Punitet,
432 1045 465 1100 et
482 1027 576 1101 lateri
592 1028 798 1102 conseruisse
815 1024 912 1098 latus.

206 1142 291 1238 Qua
308 1139 373 1213 fuit
390 1157 464 1213 ante
482 1138 587 1227 illam,
606 1139 737 1214 mallem
753 1168 907 1242 suprema
922 1139 1039 1215 fuisset

254 1256 330 1326 Nox
345 1251 444 1339 mihi,
463 1250 542 1324 dum
558 1254 654 1351 potui
672 1253 799 1354 Phyllis
816 1255 957 1330 honesta
971 1257 1077 1330 mori!
1208 1328 1213 1333 .
1235 1279 1270 1329 60

206 1368 341 1468 Speravi
355 1363 488 1452 melius,
509 1365 587 1465 quia
603 1394 655 1441 me
671 1369 828 1444 meruisse
845 1371 959 1472 putavi
978 1401 987 1444 ε

254 1485 480 1581 Quacumque
497 1509 537 1554 ex
554 1482 672 1556 merito
690 1513 766 1586 spes
784 1488 889 1576 vonit,
908 1517 1002 1587 aequa
1018 1487 1116 1561 venit.

205 1597 329 1673 Fallere
346 1596 531 1673 credentem
547 1625 617 1670 non
633 1616 685 1673 est
702 1628 842 1702 operosa
858 1601 1002 1704 puellam

256 1710 389 1786 Gloria!
407 1710 608 1813 Simplicitas
626 1713 727 1810 digna
743 1715 852 1791 favore
869 1715 942 1790 suit.

206 1828 288 1901 Sum
304 1826 442 1927 decepta
459 1828 540 1917 tuis,
560 1846 594 1903 et
611 1854 722 1904 amans
740 1847 774 1906 et
789 1830 925 1918 femina,
944 1829 1070 1904 verbis:
1233 1853 1267 1902 65

254 1944 299 2016 Di
316 1941 454 2032 saciant,
473 1941 581 2020 laudis
598 1975 725 2021 summa
742 1948 786 2022 sit
804 1948 867 2022 ista
885 1965 949 2021 tuae
967 1949 975 2018 !

237 2198 276 2252 53.
295 2199 365 2266 Quid
371 2198 431 2266 liam
444 2192 596 2265 tol'pr'ffnom
613 2199 711 2250 noba's?
759 2216 818 2263 me;
833 2209 911 2267 atque
923 2197 959 2250 ita
969 2195 1111 2268 legendum
1124 2212 1196 2259 esse,
1215 2192 1267 2246 de-

206 2276 339 2330 Puteanus
354 2275 452 2340 oodex,
475 2276 614 2343 quodiam.
642 2275 711 2343 Lege
760 2295 811 2343 que
824 2277 876 2329 suis
889 2275 988 2328 meritis
996 2274 1039 2327 bic
1049 2273 1120 2342 loqui
1130 2271 1266 2343 Phylliden

204 2352 327 2418 omnino,
340 2372 387 2421 quo
390 2353 467 2419 jam
481 2351 585 2420 elegans
596 2351 709 2415 locutio,
759 2349 1269 2420 sequensversusliquidoarguit.Herus.

204 2429 249 2485 sed
261 2427 593 2499 plerumqueabimperitis
605 2427 712 2481 librariis
804 2428 844 2480 62.
873 2430 1043 2495 Quocumque.
1072 2426 1144 2481 Nihil
1167 2437 1266 2480 temere

204 2506 365 2576 interpolata.
381 2506 480 2559 Hmts.
491 2505 589 2558 -Nee
600 2523 661 2557 sane
673 2513 713 2557 tot
760 2503 934 2570 mutandum,
951 2503 1056 2556 mallem
1069 2514 1172 2568 tamen,
1189 2513 1219 2556 ut
1230 2513 1268 2556 est

203 2588 305 2639 nomina
333 2584 366 2637 ad
392 2581 473 2635 fidem
501 2581 711 2635 confirmandam
759 2581 787 2634 io
805 2580 959 2651 quibusdam
981 2580 1062 2633 MSS.
1079 2586 1201 2642 emen't05
1227 2580 1268 2632 vel

205 2681 346 2732 congerere
371 2661 416 2715 tibi
438 2678 542 2714 necesse
566 2660 633 2723 iuit3
657 2677 711 2711 uno
759 2664 901 2729 curtemque
912 2678 946 2711 ez
956 2662 1051 2711 mento.
1061 2656 1112 2709 vid.
1124 2656 1156 2707 ad
1168 2656 1217 2725 Ep.
1230 2673 1268 2709 ιν.

205 2740 319 2810 quolibet
331 2759 362 2792 ex
374 2737 414 2791 his
426 2756 483 2807 quae
495 2747 524 2790 tu
541 2737 649 2807 pignora
662 2755 711 2789 re·
760 2736 808 2800 263
820 2748 880 2803 etr,
888 2758 910 2806 7.
918 2736 1054 2790 Buntt.·-
1063 2736 1226 2801 Quacumque
1234 2754 1269 2786 et

204 2817 272 2871 ditus
284 2836 338 2870 esee
349 2814 464 2880 dicebas,
477 2814 560 2883 decipi
572 2812 652 2883 potui.
759 2820 847 2867 mereto
863 2824 925 2880 etc,
943 2831 1048 2883 equum
1065 2822 1104 2864 est
1121 2829 1183 2863 eum
1198 2811 1267 2863 bene

237 2897 277 2949 55.
290 2896 345 2947 Nec
355 2910 454 2945 moveor
460 2903 508 2946 etc.
521 2892 582 2945 Non
592 2889 654 2943 illud
667 2909 710 2943 me
759 2899 877 2961 sperare,
890 2891 935 2961 qui
944 2890 976 2944 de
988 2890 1074 2960 aliquo
1082 2889 1150 2942 bene
1162 2889 1266 2943 meruit.

204 2982 310 3038 movet,
328 2969 398 3039 quod
415 2980 493 3040 portu
509 2979 537 3021 et
549 2968 635 3038 regnis
645 2969 711 3021 meis
760 2969 892 3023 Ηυιιιιιτ.

205 3060 356 3120 exceptum,
367 3047 411 3113 iis,
425 3047 517 3116 quibus
525 3064 641 3114 possem,
654 3045 712 3115 opi·
790 3046 831 3099 63.
838 3049 937 3100 Fallere
942 3046 1082 3099 credentem
1088 3042 1187 3097 eosic
1192 3043 1267 3097 June

204 3131 253 3183 bus
269 3125 402 3199 juverim
427 3122 472 3177 sed
483 3128 591 3190 penitet
608 3122 711 3193 hospitii
759 3123 857 3178 ironice
874 3123 906 3177 ad
925 3125 1076 3188 Venerem,
1094 3140 1155 3174 cum
1172 3119 1266 3174 ardens

203 3204 349 3273 beneficio,
364 3200 433 3273 quod
444 3200 561 3254 officium
569 3219 710 3253 commune
759 3201 830 3255 Dido
840 3202 955 3256 AEneam
966 3203 1081 3265 fureret,
1095 3199 1157 3251 AEn.
1169 3215 1213 3264 ιν,
1226 3200 1266 3269 93ἰ

204 3296 256 3351 est,
273 3282 409 3339 cumulum
419 3279 642 3346 lectumjmkm,
655 3296 711 3331 non
759 3293 861 3345 temta-
871 3292 1033 3339 emundemur
1041 3292 1104 3342 ιμοιῑι
1112 3290 1265 3341 ωριιηιωιι,

204 3364 259 3416 sine
271 3361 414 3425 dedecore,
433 3355 559 3412 addidisse
572 3396 579 3423 ,
596 3367 624 3410 et
646 3357 711 3410 latus
759 3367 845 3419 roqm,
857 3379 944 3419 parque
956 3367 1014 3403 tumr

204 3439 279 3493 lateri
291 3437 445 3510 adjunxisse.
759 3443 920 3503 credentem
948 3455 1006 3507 quae
1022 3447 1103 3491 totam
1121 3456 1148 3490 se
1165 3435 1267 3506 perfido

238 3517 278 3571 56.
295 3520 365 3571 Iler.
387 3515 494 3570 Rectius
510 3515 570 3575 doc,
589 3510 665 3565 multi
681 3533 712 3566 ex
759 3515 913 3570 crediderat.

204 3593 310 3663 seriptis.
319 3591 709 3655 Hnns.sedm01sumaista;
792 3594 833 3662 δι
849 3595 1001 3662 &mpliciter
1010 3603 1072 3657 eto,
1086 3590 1185 3645 candor
1197 3591 1267 3660 inge·

207 3680 234 3723 et
245 3671 324 3725 Pont.
336 3687 373 3724 ιν.
387 3692 408 3723 ι.
421 3674 444 3738 4.
759 3690 842 3739 nous,
860 3690 913 3741 quo
929 3689 972 3724 me
985 3670 1030 3724 tibi
1047 3669 1155 3734 tradidi,
1174 3668 1267 3737 dignus

206 3758 292 3797 nmen
305 3759 378 3798 mrito
386 3759 427 3800 tae
439 3774 602 3813 quoquam·
615 3760 661 3797 cuin·
758 3769 820 3803 sane
833 3750 895 3819 suit,
915 3767 995 3820 quem
1007 3749 1056 3801 alio
1065 3747 1152 3818 pretio
1170 3766 1267 3816 repen·

207 3830 261 3884 Ubi
273 3832 352 3883 etiam
368 3830 468 3886 codices
486 3833 575 3899 multi,
593 3834 649 3884 hoc.
664 3828 712 3881 int.
760 3826 843 3881 deres.

206 3907 256 3977 Ep.
265 3921 308 3957 ιιι.
320 3908 342 3958 8.
358 3910 630 3980 (luamrddocquoque
638 3910 712 3975 cuba
791 3905 831 3958 tt.
848 3905 1011 3974 Disace‘anl,
1030 3906 1114 3957 laudet
1124 3906 1268 3955 summast?

207 3994 253 4040 tua
263 3988 311 4036 est.
323 3981 420 4037 Bonae.
758 3987 811 4036 ista
822 3984 885 4038 tna!
902 3983 1003 4042 Ultima
1013 3983 1078 4047 sim,
1092 3998 1172 4049 quam
1183 3977 1266 4031 dece-

238 4062 279 4118 ssr.
303 4062 369 4126 Qun
385 4067 417 4114 te.
429 4062 500 4116 Libri
512 4076 636 4132 quatuor,
653 4067 712 4134 qea'a
760 4060 841 4131 peris!
