2790 4696
494 349 676 417 MEDEA
708 347 909 416 JASONI.
1163 348 1224 415 231

162 489 269 547 testibus
278 528 287 557 ,
304 486 409 543 Medee
420 488 556 558 pepercit,
569 487 709 557 nupsitque
721 486 750 540 in
761 483 895 540 Colchide.
909 484 976 540 Her
986 483 1102 557 qnidam.
1109 484 1226 540 Narrant

164 591 227 627 vero
238 572 282 626 alii
293 570 398 625 Medea
407 568 475 624 filios
484 581 568 624 vestes
584 569 710 641 quasdam
728 568 836 622 venenis
852 568 980 636 imbutas,
997 569 1106 638 jubente
1126 578 1228 634 matre,

165 656 198 710 ad
213 653 344 710 creusam
354 653 424 707 dono
433 652 569 715 detulisse;
583 652 723 722 quibusvis
730 650 843 715 indutis,
854 661 909 703 tota
922 650 1105 721 conflagravit,
1121 652 1228 719 ipseque

165 755 278 808 parens,
298 736 344 807 qui
357 734 389 789 ed
406 752 484 805 opem
506 734 643 788 ferendam
664 734 834 788 advolaverat.
863 735 955 803 Neque
973 733 1033 787 satis
1050 731 1106 785 hee
1126 731 1229 785 bledese

166 821 253 891 majus
269 817 366 888 aliquid
380 819 469 873 auimo
482 819 598 872 moventi
609 836 616 870 t
629 835 694 887 quos
704 836 719 871 e
729 819 826 872 Jasone
837 829 984 888 susceperat
996 817 1062 871 filios
1076 815 1230 883 trucidavit,

166 921 220 973 quo
231 912 334 974 patrem
341 902 468 957 miserum
478 901 569 955 acriori
580 900 677 956 doloris
686 920 763 956 sensu
775 912 924 971 torqueret;
939 900 1086 970 deindeque
1096 899 1229 965 Athenas,

165 985 198 1039 sd
218 984 335 1055 &eum
346 984 440 1038 Thesei
454 994 555 1053 patrem
566 984 699 1054 confugit,
719 982 761 1037 cui
772 986 887 1055 nupsisse
898 985 1009 1052 dicitur,
1026 994 1104 1053 atque
1116 981 1229 1036 Medum

164 1086 196 1121 ex
206 1086 241 1120 eo
251 1066 408 1137 smoepisse,
430 1067 474 1135 qui
485 1085 562 1119 suum
573 1067 671 1120 Medic
681 1068 797 1138 regioni,
808 1068 849 1122 cui
863 1068 1015 1138 imperarit,
1028 1086 1127 1121 nomen
1141 1075 1230 1135 postea

163 1148 246 1204 tedis
257 1148 313 1203 Sed
325 1168 408 1219 quum
424 1151 527 1203 nonita
538 1150 622 1203 multo
634 1160 693 1220 post
704 1151 773 1203 viam
786 1161 899 1204 tentaret
910 1151 1044 1217 Theseus,
1064 1170 1114 1220 qua
1129 1170 1144 1203 a
1157 1161 1230 1219 patre

163 1243 367 1304 agnosceretur,
392 1235 478 1304 ipsum
498 1254 602 1288 veneno
623 1235 713 1288 tollere
732 1233 829 1288 Medea
846 1234 973 1295 decrerim
992 1252 1066 1304 quo,
1088 1245 1229 1302 antequam

162 1327 323 1389 petraretsn,
332 1328 469 1387 comperto
481 1318 587 1384 scelere,
601 1318 718 1373 Athenas
725 1319 912 1389 rursusfugere
921 1330 1009 1372 coacta
1018 1329 1074 1384 est,
1086 1328 1117 1373 ut
1125 1317 1233 1371 instanti

161 1401 265 1457 sceleris
273 1401 558 1471 poenoeseeeeriperetz
568 1403 632 1455 etin
646 1402 808 1456 Phceniciam
819 1401 918 1468 delata,
928 1401 999 1455 unde
1010 1400 1150 1471 superioris
1162 1399 1230 1452 Asiae

161 1494 250 1556 partes
265 1486 351 1538 fertur
369 1504 525 1555 peragrasse.
543 1485 572 1538 si
586 1497 674 1539 tamen
690 1485 782 1540 Solino
799 1486 878 1554 fides,
896 1485 1048 1540 Buthrotia
1065 1485 1162 1538 Jasone
1180 1483 1231 1537 fuit

162 1567 263 1637 sepulta
273 1586 281 1622 ε
292 1567 314 1621 si
325 1567 449 1634 Justino,
472 1567 500 1620 in
512 1568 594 1636 patria
605 1588 651 1622 sua
665 1568 745 1635 obiit,
765 1569 793 1621 in
807 1570 915 1640 gratiam
929 1609 936 1637 ,
955 1587 1017 1622 cum
1033 1579 1105 1637 patre
1125 1567 1230 1636 suisque

164 1650 303 1717 omnibus,
317 1660 456 1721 postquam
466 1649 590 1703 rediisset.
615 1652 690 1704 lllam
705 1673 719 1704 a
737 1653 866 1723 parricidii
883 1653 993 1707 crimine
1007 1663 1100 1722 purgat
1120 1651 1230 1703 omnino

164 1732 295 1799 AElianus,
306 1744 334 1786 et
343 1752 438 1803 parum
450 1734 535 1800 abest,
547 1734 611 1802 quin
621 1737 747 1805 optimam
756 1735 864 1807 effingat
872 1736 1020 1789 mulierum.
1030 1734 1122 1788 Tradit
1134 1733 1229 1804 quippe

166 1812 272 1869 teonis
284 1814 352 1868 lilios
362 1834 378 1867 a
392 1812 537 1868 Corinthiis
554 1816 629 1884 ipsis,
646 1835 701 1870 non
719 1838 734 1871 a
748 1819 845 1872 Medea
862 1818 1003 1873 trucidatos
1020 1818 1113 1884 fuisse,
1137 1816 1230 1884 quibus

165 1916 217 1953 ner
227 1898 362 1969 profuerat
374 1897 483 1967 quidem
490 1899 518 1950 in
526 1897 642 1952 Junonis
649 1899 733 1953 edem
742 1902 894 1971 confugisse.
902 1900 993 1970 Quam
1001 1900 1086 1953 lahem
1099 1897 1232 1953 Corinthii

167 1992 200 2036 ut
217 1980 364 2051 diluerent,
383 2000 467 2051 quum
492 1982 649 2051 accepissent
670 1982 823 2054 Euripidem
847 1995 952 2055 poetam
971 1993 1157 2054 argumentum
1181 1982 1232 2035 boe

168 2067 343 2141 emnem
354 2063 521 2118 tractandum
534 2066 689 2135 suscepisse,
705 2068 820 2136 quinque
833 2066 881 2137 ipsi
901 2067 998 2120 talenta
1014 2066 1183 2130 obtulerrmt,
1204 2074 1233 2118 ut

171 2147 235 2203 liele
248 2166 290 2202 res
300 2148 339 2201 rei
349 2149 485 2201 veritatem
498 2150 641 2218 exciperet,
657 2161 684 2202 et
694 2168 754 2204 suos
763 2151 817 2220 ipsa
829 2150 894 2205 filios
904 2152 1000 2205 Medea
1011 2150 1039 2203 in
1050 2150 1135 2204 fabula
1147 2149 1234 2217 jugu-

169 2233 245 2287 laret.
266 2232 427 2288 Neeosrtior
441 2234 472 2287 de
485 2233 583 2286 Jasone
595 2234 752 2304 scriptorum
768 2233 838 2288 inter
856 2255 884 2288 se
897 2253 1045 2289 cousensus.
1073 2232 1177 2285 Dicitur
1195 2228 1231 2284 illi

168 2314 315 2386 predir'use
331 2315 443 2384 Medea,
460 2317 515 2369 fore
528 2317 679 2385 quondam,
698 2328 728 2372 ut
742 2319 816 2372 omni
831 2320 1007 2374 calamitatum
1018 2338 1114 2390 genere
1126 2327 1231 2372 vexatus

170 2401 336 2468 fractusque,
348 2399 426 2469 ipsius
444 2401 533 2467 navis,
551 2421 610 2470 quas
628 2401 660 2454 ad
682 2401 779 2455 Phasin
799 2403 964 2472 Argonautas
985 2401 1134 2467 devexerat,
1155 2401 1231 2454 ruina

168 2481 287 2552 periret,
305 2481 391 2552 sieque
407 2482 502 2537 evenit.
523 2483 617 2552 Quum
633 2484 706 2537 enim
718 2485 785 2538 forte
806 2484 833 2537 in
851 2485 930 2537 maris
941 2485 1015 2539 litore
1030 2486 1117 2554 jacens
1134 2484 1232 2557 obdor-

168 2565 268 2632 miret,
287 2582 302 2619 e
324 2563 391 2619 dicta
410 2584 477 2618 nave
497 2566 567 2618 trabs
585 2566 653 2618 forte
677 2568 776 2637 elapsa,
804 2569 832 2621 in
852 2568 1006 2622 dormientis
1024 2579 1101 2638 caput
1123 2566 1230 2629 incidit,

167 2647 286 2719 illiusque
306 2649 383 2703 ruina
402 2669 537 2720 oppressus
554 2651 638 2720 periit.
659 2650 729 2704 Sunt
746 2662 835 2704 autem
853 2651 898 2721 qui
917 2650 945 2704 in
968 2649 1093 2704 Colchida
1105 2650 1231 2704 Jasonem

168 2733 310 2800 reducant,
324 2734 383 2801 ubi,
397 2734 589 2804 postquamdiu
601 2735 759 2805 feliciterque
775 2755 889 2807 regnum
907 2735 1075 2803 obtinuisset,
1088 2735 1232 2789 honoribus

170 2830 227 2892 post
248 2830 366 2873 mortem
386 2820 533 2872 cumulatus
544 2829 598 2886 est,
618 2819 662 2888 qui
682 2820 804 2875 heroibus
816 2821 902 2875 solent
912 2821 1031 2891 persolvi.
1053 2821 1107 2876 Tot
1120 2820 1233 2889 denique

170 2907 223 2961 fere
235 2925 343 2972 seusus,
362 2915 427 2975 quot
437 2905 529 2974 scripta
544 2914 571 2957 et
582 2904 765 2975 scriptores-
773 2904 876 2973 Adeas,
888 2923 954 2976 quos
965 2903 1099 2961 adeundos
1109 2903 1138 2958 in
1149 2920 1233 2972 argu-

172 3002 265 3047 mento
280 3000 399 3047 auctores
409 2988 587 3046 indicavimus.
