2790 4696
177 283 244 350 216
507 281 767 354 EPISTOLA
796 286 891 354 XII.

173 424 244 496 Cur
259 420 342 494 mihi
358 417 435 521 plus
452 447 545 522 aeqno
562 422 636 497 llari
653 423 804 525 placuere
821 419 949 523 capilli;

221 538 269 609 Et
286 536 399 622 decor,
418 551 451 608 et
466 532 588 631 linguae
605 538 708 633 gratia
725 538 802 613 ficta
819 541 909 612 tnae?

174 651 262 738 Aut,
281 646 380 722 semel
397 649 434 721 in
449 668 581 725 nostras
600 653 758 753 quoniam
774 681 860 725 nova
876 651 1000 753 puppis
1017 678 1133 726 areum

220 765 384 851 Venerat,
403 764 541 839 audaces
559 765 778 868 attuleratque
795 767 900 854 viros,
994 812 998 819 ·

174 882 262 953 Isset
278 878 448 954 anhelatos
464 910 533 955 non
548 883 794 983 praemedicatus
809 884 844 956 in
862 883 955 977 ignes

221 997 398 1068 Immemor
414 997 609 1084 AEsonides,
630 1026 752 1097 oraque
769 996 895 1069 adunca
912 994 1026 1068 boum.
1133 1056 1139 1068 .

173 1113 306 1187 Semina
320 1113 471 1210 jecisset3
497 1111 634 1186 totidem
651 1111 807 1186 sensisset
823 1127 856 1184 et
871 1109 1009 1183 hostes:

160 1326 162 1330 .
220 1230 269 1300 Ut
286 1228 415 1302 caderet
432 1227 523 1302 cultu
541 1225 649 1300 cultor
666 1226 708 1299 ah
726 1225 797 1325 ipse
815 1251 887 1297 sno.

173 1343 345 1439 Quantum
362 1341 507 1442 perfidia
524 1359 650 1428 tecum,
669 1338 822 1414 scelerate
839 1337 999 1438 perisset!

221 1457 342 1529 Demta
358 1455 468 1531 torem
484 1456 585 1557 capiti
602 1482 702 1555 qnam
717 1452 802 1528 mala
818 1450 922 1527 multa
937 1453 1033 1526 mco!
1203 1489 1236 1527 so

173 1571 236 1642 Est
251 1567 361 1669 aliqua
376 1569 509 1665 ingrato
526 1568 681 1642 meritum
696 1566 895 1669 exprobrare
912 1563 1086 1667 voluptas:

223 1684 294 1756 Hac
312 1682 424 1757 fruar:
437 1683 507 1757 haec
526 1682 565 1755 de
583 1699 614 1755 te
633 1680 751 1777 gandia
768 1678 838 1754 sola
854 1680 965 1754 leram.

175 1798 295 1872 Jussus
312 1797 516 1898 inexpertam
533 1794 678 1871 Colchos
695 1792 860 1867 advertere
877 1791 1036 1892 puppim,

222 1913 359 1986 Intrasti
377 1913 491 2014 patriae
506 1939 608 2008 regna
623 1910 721 1985 beata
737 1935 826 1982 mea.

172 2026 249 2099 Hoc
267 2024 335 2099 illic
353 2026 472 2100 Medea
488 2026 552 2113 sni,
570 2052 655 2100 nova
670 2039 777 2124 nupta
794 2016 886 2123 quod
901 2022 957 2096 hic
974 2039 1033 2097 est.
1202 2046 1235 2099 ss

221 2140 330 2237 Quam
348 2158 443 2242 pater
458 2156 508 2214 est
523 2138 591 2227 illi,
612 2156 678 2212 tam
693 2137 776 2210 mihi
793 2137 883 2212 dives
900 2154 979 2213 erat

171 2254 238 2327 llic
255 2253 413 2354 Ephyren
428 2252 588 2327 bimarem
606 2283 614 2325 :
633 2249 769 2353 Scythia
786 2269 883 2326 tenus
900 2250 956 2326 ille
973 2251 1090 2326 nivosa

204 2475 241 2539 14
250 2473 377 2527 Audaces.
385 2475 607 2545 Perpetuumhoc
614 2494 677 2528 nau·
724 2478 819 2530 hostes.
839 2475 893 2530 Sed
915 2474 996 2530 MSS.
1013 2494 1084 2547 ope,
1109 2485 1137 2530 et
1158 2476 1237 2531 variis

167 2549 200 2603 tis
209 2550 365 2619 Epitheton,
379 2562 409 2605 ut
420 2552 552 2623 eleganter
560 2551 676 2606 ostendit
724 2554 806 2609 fretus
817 2553 969 2608 lectionibus
987 2552 1028 2608 Cl.
1045 2554 1187 2620 Heinsius,
1201 2553 1237 2608 ael

168 2626 326 2682 Torrentius
338 2629 369 2682 ad
384 2631 477 2683 Horat.
488 2648 512 2697 r,
526 2630 578 2683 od.
594 2650 617 2693 r,
631 2631 675 2695 143
724 2650 793 2698 eam,
803 2649 939 2700 quoenunc
946 2640 1036 2698 exstat,
1045 2640 1071 2683 et
1079 2628 1143 2681 nihil
1154 2629 1239 2684 habet

108 2744 112 2753 .
168 2703 215 2756 sed
224 2705 352 2775 precipue
360 2706 534 2775 Argonautis,
547 2704 591 2773 qui
599 2705 678 2774 primi
725 2708 796 2778 qnod
806 2726 861 2761 non
872 2716 1012 2775 congruat,
1025 2707 1163 2760 lectionem
1172 2724 1240 2774 gra-

169 2781 309 2851 finguntur
321 2800 425 2851 equora
432 2793 558 2849 tentasse,
572 2792 676 2851 aptum:
725 2781 1238 2855 datimpervenit,probante,etinsuam

168 2859 205 2911 ita
217 2856 320 2912 Phoedr.
332 2860 390 2913 loco
402 2860 497 2927 citato,
510 2862 548 2912 ad
555 2862 677 2912 audacem
725 2863 867 2917 editionem
877 2860 1031 2914 admittente
1040 2861 1070 2914 P.
1082 2860 1237 2918 Burmann.

166 2936 376 3005 mortispmsesse
385 2942 461 2997 viam,
473 2937 624 2990 fabricatam
633 2956 677 2990 ra-
759 2941 795 2994 18.
811 2940 849 2991 tle
856 2940 958 2991 caderet
964 2941 1034 2990 cuttu
1046 2941 1168 2991 cultorab
1178 2944 1236 3007 s'pse

167 3023 222 3067 tem
234 3012 304 3068 dicit.
319 3013 412 3068 Senec.
423 3013 541 3081 Medea,
560 3015 606 3067 301
619 3035 626 3068 s
722 3015 783 3071 sno!
796 3015 828 3068 ld
836 3025 883 3081 est,
893 3025 923 3068 ut
932 3014 1030 3084 periret
1039 3014 1132 3081 Jason,
1144 3032 1160 3067 a
1170 3016 1234 3071 viris

215 3103 290 3144 Auen
297 3103 581 3156 ninnium‚quil'retnpsinrus
722 3092 827 3148 atmiis
842 3092 1013 3158 interemtus,
1035 3092 1080 3160 qui
1101 3111 1132 3144 ex
1151 3091 1232 3162 ipsis,

214 3175 541 3229 mnmtngtupereumpn.
587 3179 661 3218 nuru.
723 3190 787 3242 quos
800 3168 1044 3238 iecerat,draconis
1052 3169 1175 3223 dentibus
1185 3189 1232 3225 re-

202 3252 239 3303 15.
260 3252 330 3304 Isse!
342 3254 475 3304 anhelatos
486 3270 535 3303 non
541 3253 675 3321 pmmeds'·
721 3249 823 3319 pentini
834 3248 993 3303 extitissent!

163 3332 276 3380 catusio
287 3329 674 3396 iqassAEmides.1ssettason
753 3329 794 3380 25.
805 3329 863 3380 Hoc
874 3329 930 3379 s'IIs'c
941 3327 1036 3378 Melea
1042 3325 1093 3394 sur·
1100 3333 1147 3378 etc
1159 3326 1234 3391 Illic,

164 3403 194 3455 in
200 3403 350 3474 ignes,qnos
355 3406 461 3458 naribus
467 3406 534 3458 tauri
540 3405 674 3473 efflabant,
720 3403 751 3457 in
761 3403 880 3459 Colchis:
891 3402 1033 3474 quodem
1039 3410 1131 3471 nupta,
1144 3399 1235 3455 Creu-

163 3497 220 3533 non
245 3482 416 3552 premunitus
440 3500 489 3551 ope
513 3492 540 3536 et
562 3484 675 3535 medres-
721 3477 1235 3553 samintelligit:hs'cest,Corinthi,nbi

161 3563 254 3611 mestis
264 3558 383 3628 Medea,
399 3569 499 3614 certam
511 3558 547 3613 sic
558 3569 673 3612 mortem
721 3561 848 3631 regnabat
871 3558 979 3626 Creon,
994 3567 1022 3612 et
1042 3567 1106 3610 tunc
1124 3554 1237 3627 degebat

161 3633 329 3690 inventurus!
348 3637 460 3705 lnepte,
482 3636 527 3706 qui
538 3638 673 3705 praesedi·
721 3639 819 3705 Jason,
837 3656 926 3692 amore
940 3635 1047 3689 Creusre
1059 3632 1182 3687 irretitus.
1199 3658 1233 3675 ··

165 3719 235 3766 tatus
247 3735 255 3768 .·
267 3714 310 3768 illa
324 3716 396 3769 enim
406 3717 474 3770 infra
486 3736 493 3769 ε
720 3719 815 3771 Medea
815 3716 868 3785 sss
876 3716 943 3776 Μ,
953 3714 1103 3766 Puteancus
1109 3710 1235 3768 cumaliis

162 3800 266 3852 tpnego,
286 3818 330 3855 qun
339 3805 430 3844 dederant
438 3806 587 3854 medicamina,
601 3803 673 3857 pettit·
721 3789 1155 3863 qulbusdm2aetlmale.l'lsslb18.

224 3873 274 3911 *di-
753 3867 1232 3940 27.1{e·cttpt7rennnarm.nppo-

197 3966 234 4017 ¹7·
257 3948 370 4000 Totidem
388 3957 514 4006 sensisset
529 3958 558 4006 et
576 3954 662 4004 hosta
719 3948 766 4004 site
783 3946 882 4001 faciunt
907 3944 958 3998 huc
980 3945 1075 4013 Velleji
1093 3942 1224 3998 Paterculi

162 4021 292 4080 hlendose
314 4025 466 4096 quondam,
489 4033 622 4084 sumsisset
642 4036 674 4083 et
694 4064 697 4073 ·
717 4023 1217 4094 verba,extinnpauuoaatelrautes
