2790 4696
404 328 865 398 usussmuucuus.
946 352 950 359 Δ
1094 330 1158 418 401

99 490 230 536 scenam
253 464 411 533 inducunt
428 481 595 536 auctorem
609 468 732 561 Elegioe
747 480 866 534 nostrae
876 518 887 549 ,
917 468 1050 538 Celsum
1072 472 1164 538 hunc

99 582 364 664 Albinovanum,
387 580 428 646 ad
441 607 540 674 quem
552 583 703 649 inscribit
720 584 876 649 Horatius
889 583 1072 674 Epistulam
1087 604 1160 669 vm,

99 695 195 763 Libri
209 698 330 787 primi,
355 721 521 788 quemque
534 697 672 764 scribam
687 694 785 777 dicit,
803 701 1010 789 somnosque
1023 698 1164 766 Neronis

99 809 282 900 (Tiberii),
300 832 366 902 quo
384 810 509 877 scilicet
522 835 659 877 munere
675 813 786 902 potuit
801 810 938 902 quidem
950 814 1051 881 Drusi
1063 792 1164 880 freter

99 937 232 1018 poetam
245 923 286 990 ud
298 937 426 1017 tempus
437 949 679 1005 remunerasse,
691 926 749 1017 qui
759 946 827 990 non
838 927 884 990 ita
891 927 1037 992 Drusum
1047 927 1164 994 lauda-

101 1052 211 1121 verat,
224 1051 343 1106 utnon
357 1041 392 1105 in
400 1038 532 1105 Tiberii
542 1038 652 1105 fratris
666 1038 778 1106 laudes
790 1041 952 1131 copiosior
963 1039 1165 1108 exundasset.

100 1154 278 1220 Diversum
293 1154 381 1220 hunc
397 1179 416 1218 a
429 1152 564 1249 Pedone
581 1166 711 1238 nostro,
732 1157 811 1222 licet
824 1154 1056 1223 Albinovanus
1068 1168 1164 1223 uter-

102 1290 167 1360 que
184 1270 398 1360 cognomine,
422 1270 561 1359 epatris
575 1267 670 1334 Atta
684 1270 804 1346 Nova,
824 1283 913 1338 recte
929 1268 1168 1337 demonstravit

102 1384 312 1465 Torrentius,
326 1381 622 1464 udHorat.locum,
632 1382 784 1452 sednihil
790 1384 937 1466 adduxit,
946 1384 1036 1451 unde
1043 1397 1170 1451 constet

99 1499 265 1589 scripsisse
280 1522 356 1563 eum
374 1497 641 1566 Consolationem
652 1499 702 1564 ad
711 1501 836 1566 Livsbm
848 1527 861 1566 .·
878 1500 1067 1592 conspirant
1088 1523 1166 1567 vero

100 1611 227 1694 multa,
257 1636 329 1705 quse
345 1610 469 1679 Ouidio
484 1610 667 1703 legitimam
678 1616 866 1682 restituant.

147 1725 184 1794 Si
201 1737 352 1819 tempora
364 1737 569 1819 spectemus,
597 1726 720 1794 occidit
734 1729 884 1810 Drusus,
909 1733 945 1794 in
966 1732 1087 1820 canspis
1102 1753 1168 1796 ces·

104 1844 197 1917 tivit,
224 1864 262 1907 eo
279 1843 349 1933 ipso
371 1864 475 1923 anno,
501 1863 567 1933 quo
591 1844 626 1906 in
648 1840 782 1908 exilium
802 1842 914 1934 pulsus
929 1841 1038 1926 Naso,
1065 1845 1169 1912 Roma

102 1957 299 2046 migravit,
317 1979 428 2021 mense
442 1953 637 2037 novembri,
656 1957 699 2021 A.
717 1957 762 2022 D.
780 1977 826 2024 1x.
848 1959 933 2022 Tum
947 1971 1168 2050 opportunam

100 2071 204 2160 igitur
223 2082 355 2135 nactum
377 2071 579 2137 occasionem
597 2068 752 2136 flectendi
770 2072 904 2138 casaris
913 2121 924 2152 ,
959 2084 992 2138 et
1010 2075 1163 2154 Liviam,

102 2182 346 2276 Tiberiumque
361 2184 425 2250 sibi
444 2181 662 2264 conciliandi,
690 2184 763 2275 quis
778 2183 890 2250 credat
907 2208 976 2252 non
992 2189 1167 2278 arripuisse

101 2297 408 2392 promptissimum?
420 2296 488 2367 sed
502 2299 622 2364 cavisse
639 2298 737 2365 simul
747 2298 921 2390 probabile
936 2313 1005 2382 est,
1029 2325 1072 2366 ne
1089 2325 1166 2366 suus

102 2412 165 2503 ipsi
196 2423 310 2476 auctor
335 2411 490 2503 Epistolae
510 2423 667 2497 noceret;
691 2408 836 2504 ideoque
858 2415 992 2480 nomine
1019 2438 1087 2481 non
1108 2439 1166 2481 suo

101 2526 250 2618 primum
265 2527 407 2592 emisisse
422 2555 431 2610 5
449 2528 651 2616 tacitumque
675 2539 879 2616 expectasse,
908 2530 981 2619 quis
1001 2552 1072 2593 eum
1091 2553 1167 2594 suc-

102 2665 208 2707 cessus
223 2640 311 2732 apud
324 2642 510 2731 Augustum
525 2642 690 2731 exciperet
702 2669 711 2725 ;
728 2665 789 2708 nec
804 2640 869 2707 sibi
880 2665 1028 2733 unquam
1041 2644 1076 2706 in
1086 2666 1166 2734 pos-

102 2767 211 2822 terum
227 2779 308 2847 opus
322 2755 524 2836 vindicasse,
551 2754 640 2846 quod
657 2755 833 2822 infeliciter
848 2754 929 2822 adeo
946 2759 1104 2823 cessisset.

150 2869 187 2938 Si
209 2894 288 2938 vero
313 2868 355 2936 ad
377 2894 457 2963 opus
483 2872 592 2961 ipsum
609 2873 812 2961 respexeris,
839 2870 925 2937 nihil
948 2871 1017 2936 sere
1042 2870 1164 2962 depre-

102 2983 244 3065 hendas,
260 2983 351 3075 quod
365 3008 432 3050 non
444 2983 625 3065 Ovidium,
645 2996 677 3049 et
690 3008 823 3049 aureum
834 2985 944 3050 latinae
960 2986 1078 3074 linguae
1092 2997 1166 3048 :etu-

103 3110 172 3164 tem
188 3098 331 3179 reserat,
354 3122 457 3163 unum
472 3100 500 3162 si
516 3098 608 3164 tollas
629 3097 811 3163 alterumve
828 3096 958 3177 locum,
977 3110 1164 3187 temporum

103 3212 225 3294 injuria
239 3210 409 3276 manifeste
428 3210 654 3301 depravatum.
667 3211 736 3275 Nec
750 3211 846 3275 aliter
859 3209 1016 3276 videntur
1029 3210 1164 3276 sensisse

103 3325 204 3417 primi
226 3346 363 3415 operum
381 3328 449 3406 ejus
466 3324 630 3405 editores,
656 3325 713 3415 qui
737 3346 840 3414 quum
856 3348 874 3389 e
895 3322 997 3391 MSS.
1013 3325 1163 3415 proxime

105 3438 327 3508 suscriberent
334 3488 344 3518 ,
359 3437 482 3505 ovidio
495 3448 680 3503 constanter
688 3437 836 3529 Elegism
846 3437 931 3502 bunc
942 3434 1160 3505 donaverunt.

105 3558 274 3624 Doncmus
296 3554 398 3642 igitur
418 3563 451 3618 et
467 3525 526 3616 nos
542 3574 697 3642 quoque,
724 3551 829 3617 donec
853 3551 1011 3633 ejusmodi
1028 3575 1163 3619 consur-

104 3681 183 3761 gant
201 3680 410 3759 argumcnta,
449 3688 521 3757 quae
546 3663 670 3731 nodum
695 3664 878 3746 exsolvant,-
905 3666 1017 3756 sicque
1040 3690 1162 3734 novum

104 3795 259 3879 poetam,
285 3795 319 3850 et
337 3783 502 3874 egregium
515 3778 673 3874 quidem,
699 3778 839 3870 Augusti
854 3779 969 3846 seculo
991 3794 1163 3873 congratu-

79 3932 83 3939 ·
105 3900 228 3970 lentur.

152 4017 299 4107 Dignum
311 4025 380 4085 erat
392 4011 538 4105 proiecto
546 4009 612 4077 tale
621 4033 769 4091 carmen,
785 4007 874 4102 quod
883 4011 1159 4106 postMicyllum,

242 4154 276 4220 I.
981 4151 1025 4217 26
