2790 4696
369 555 925 647 PRAEFATIUNCULA.

522 786 763 811 *a

115 1118 121 1130 ·
214 1081 281 1149 DE
308 1079 563 1151 AUCTORE
593 1080 835 1152 HUIUSCE
865 1081 1081 1178 ELEGIAE.

119 1298 303 1404 Crusturt
331 1334 395 1401 hoc
427 1333 527 1427 longe
553 1340 877 1427 praestantissumam,
907 1349 947 1403 ut
968 1338 1088 1403 summi
1111 1338 1188 1408 Viri

114 1449 225 1517 verbis
246 1460 341 1533 utar,
372 1460 406 1517 et
422 1447 559 1540 dignum
575 1453 676 1541 genio
692 1474 732 1516 ac
755 1454 926 1546 nsujestate
945 1451 1060 1518 saeculi
1074 1452 1188 1520 Naso·
1286 1456 1293 1465 '

115 1568 224 1647 niani,
243 1565 305 1629 etsi
319 1586 387 1631 non
399 1561 529 1630 Pedoni
542 1561 771 1645 Albinovano,
788 1578 828 1632 ut
839 1567 908 1632 Jos.
926 1564 1185 1656 Scaliger,Vos-

112 1680 199 1761 sius,
217 1677 357 1771 aliique,
381 1677 601 1746 tribuendum
616 1680 780 1747 existimet
798 1678 841 1746 N.
859 1676 1036 1762 Heinsius,
1061 1680 1188 1748 nihilo-

113 1795 224 1859 minus
240 1792 365 1861 Ovidio
379 1817 447 1860 non
461 1794 546 1861 ausit
561 1791 761 1861 adscribere.
798 1819 814 1856 u
833 1792 895 1860 Ille
909 1806 1041 1875 tamen,
1069 1792 1187 1862 eodem

114 1919 248 1975 auctore
257 1957 267 1990 ,
286 1909 345 2000 qui
357 1909 484 2000 primus
500 1910 588 1976 eruit
600 1934 619 1975 e
633 1906 797 1989 tenebris,
820 1912 983 2000 insignem
1000 1908 1189 1975 thesaurum

115 2021 230 2091 usibus
242 2022 386 2116 publicis
405 2034 454 2089 est
467 2021 623 2115 largitus!
645 2022 815 2093 »Vossius
837 2045 937 2104 vero,
965 2023 1041 2088 Art.
1062 2024 1188 2090 Gram-

114 2149 195 2205 mat.
210 2158 254 2220 11,
272 2161 336 2230 27,
354 2135 529 2228 iudignum
543 2135 681 2229 quidem
695 2160 765 2203 non
778 2160 845 2203 esse
856 2134 980 2204 Ovidio
997 2150 1126 2218 censet,
1144 2137 1187 2203 ob

114 2256 249 2343 egregia
262 2256 298 2317 in
309 2252 365 2318 illo
377 2255 502 2342 ingenii
511 2251 634 2318 demina
640 2281 655 2335 ,·
668 2250 727 2319 sed
742 2254 777 2317 in
789 2249 891 2317 rerba
905 2246 1020 2342 mugni
1031 2250 1189 2342 Scaligeri

115 2366 420 2456 jurarepropmtior
429 2414 440 2445 ‚
458 2363 660 2432 Ovidionon
671 2368 736 2431 nisi
740 2365 839 2456 falso
855 2365 960 2431 tribui
973 2368 1183 2457 pronuntiat.

112 2478 191 2546 Non
218 2477 353 2544 defuere
376 2489 510 2561 tamen,
544 2480 603 2570 qui
623 2479 745 2545 Nasoni
766 2478 913 2545 libenter
939 2478 1187 2567 concederent3

116 2615 198 2684 quos
213 2593 302 2660 inter
317 2592 480 2661 Passerat
492 2593 509 2626 *
517 2643 528 2676 ,
547 2594 583 2658 in
597 2593 796 2660 Praesatione
808 2617 908 2686 quam
922 2592 1189 2685 praemittendam

117 2719 288 2775 curaverat
300 2709 569 2800 interpretationi
579 2699 677 2794 hujus
688 2710 853 2775 Poematis
860 2759 872 2791 ,
887 2731 962 2802 quoe
974 2713 1100 2775 utinum
1107 2734 1190 2801 pro·

117 2821 230 2891 disset
239 2823 257 2887 l
273 2822 430 2890 exclamat
442 2848 480 2889 ex
492 2824 601 2891 animo
617 2826 836 2891 Burmannus.
856 2823 974 2917 Neque
989 2822 1187 2915 negligenda

116 2960 250 3029 prorsus
261 2938 315 3006 Cl.
327 2938 455 3005 Barthii
465 2940 643 3020 sententia,
658 2940 729 3029 qui,
742 2939 872 3030 quoties
883 2963 953 3005 sese
964 2937 1071 3021 daret,
1091 2961 1188 3004 occa-

117 3054 246 3118 sionem
261 3074 329 3118 non
347 3055 560 3144 praetermisit
583 3050 742 3119 Oridiani
764 3055 846 3137 juris
869 3054 905 3117 in
930 3052 1191 3143 pulcherrimam

119 3167 204 3231 hanc
213 3165 361 3255 Elegiam
371 3164 537 3233 asserendi
546 3166 593 3232 ”2
606 3165 812 3252 Quibuscum
821 3168 956 3232 omnino
969 3166 1131 3231 consentit
1139 3166 1192 3230 vir

119 3280 315 3353 recentioris
340 3279 497 3371 quidem,
521 3279 672 3346 sednon
696 3281 834 3345 minoris
860 3276 938 3344 ideo
968 3279 1189 3361 auctoritatis,

120 3396 216 3463 Dan.
231 3393 341 3475 Beck,
357 3395 393 3459 in
405 3417 463 3459 sua
475 3394 629 3461 carminis
640 3393 738 3478 hujus
749 3396 931 3461 suavissimi
939 3390 1103 3476 editione,
1118 3415 1192 3484 qua

120 3509 241 3600 Lipsiae
256 3506 404 3600 prodiit,
421 3507 528 3599 1783,
547 3509 639 3579 itt-8.

155 3723 169 3750 '¹
189 3723 259 3773 Jeau
277 3722 414 3782 Passemt,
439 3719 485 3787 qui
508 3715 634 3789 Auguste
656 3717 869 3772 Tricastinorum
888 3727 982 3783 natus,
1004 3717 1037 3770 A.
1057 3716 1092 3770 D.
1111 3718 1196 3789 1534,

124 3809 337 3866 Commentarios
350 3810 421 3863 inter
431 3819 527 3864 atera
539 3806 621 3864 edidit
637 3808 666 3863 iu
676 3806 780 3887 'Catuli
792 3807 888 3861 Tibull.
907 3818 934 3861 et
946 3809 1066 3877 Propera
1078 3826 1193 3878 quorum

122 3902 191 3956 salva
199 3901 284 3954 adbuc
296 3901 453 3966 auctoritas,
469 3918 524 3952 nou
538 3899 594 3953 sine
604 3897 680 3952 laude
690 3916 808 3966 unquam
815 3897 847 3951 ab
854 3897 885 3950 iis
896 3909 1136 3966 commemoratur,
1146 3897 1194 3968 qui

125 4012 201 4047 curas
214 3991 371 4062 posteriores
380 3991 407 4042 iu
418 3988 576 4043 illustrandis
588 3988 685 4059 Elegia
698 3985 799 4042 Latine
811 3989 969 4059 principibus
981 3988 1177 4059 impenderunt.

158 4084 186 4113 *⁸
203 4082 236 4136 lu
249 4083 410 4136 Adrman'is
422 4078 532 4150 passim,
545 4089 573 4135 tt
585 4077 618 4132 ad
630 4078 695 4134 Stat.
706 4076 790 4133 Theb.
798 4095 821 4135 u
828 4117 837 4149 ,
850 4079 910 4147 ¹³45
920 4077 981 4133 ibid.
989 4079 1046 4148 345.
