2790 4696
421 960 748 1047 EPISTOLAE
784 961 1047 1064 QUINTAE

534 1176 931 1246 resonuerunt.

242 1413 342 1489 Quum
349 1410 478 1491 Hecuba,
490 1412 582 1477 Cissei
589 1413 646 1477 filis
655 1425 686 1476 ct
693 1413 797 1477 Priami
806 1435 891 1494 uxor,
900 1413 1012 1502 gravida
1022 1425 1096 1476 esset
1104 1459 1113 1491 ,
1120 1412 1266 1475 ardentem

204 1538 235 1581 se
248 1537 345 1602 parcre
354 1516 456 1596 lacem,
465 1541 522 1601 qua
531 1520 621 1603 Troja
633 1520 725 1584 omnis
737 1521 953 1596 incenderetur,
965 1519 1123 1582 somniavit.
1135 1519 1268 1581 Territus

203 1626 297 1705 itaque
313 1622 441 1687 Priamus
459 1623 494 1685 ad
512 1626 658 1688 oraculum
677 1628 824 1711 conlugit;
845 1638 874 1687 et
886 1646 1024 1707 responso
1043 1637 1158 1706 accepto
1175 1624 1265 1686 filium

204 1728 351 1790 Hecubam
358 1748 418 1792 esse
426 1729 595 1812 parituram,
606 1730 656 1811 qui
667 1731 764 1813 patrite
772 1730 886 1792 exitium
896 1729 1024 1806 afferret,
1033 1742 1161 1812 partum,
1172 1726 1267 1789 statim

203 1846 237 1894 ut
256 1833 402 1911 ederetur,
418 1833 538 1896 interfici
560 1835 654 1917 jussit.
673 1836 754 1896 Mota
775 1856 844 1898 vero
865 1846 989 1897 materna
1008 1834 1110 1917 pietate
1130 1831 1267 1908 Hecuba,

204 1959 342 2020 puerum,
358 1937 409 2019 qui
423 1937 501 2000 Paris
520 1949 621 2022 postea
636 1936 748 2015 dictus,
772 1938 932 2023 pastoribus
947 1939 1033 2025 regiis
1050 1938 1120 2000 clam
1134 1936 1266 1998 alendum

204 2042 332 2105 credidit.
348 2043 427 2120 Qui,
442 2065 531 2125 quum
546 2044 601 2125 jam
616 2043 803 2123 adolevisset,
816 2045 958 2108 OEuouen
971 2042 1122 2121 adamarit,
1132 2061 1267 2123 eamque,

205 2149 231 2210 si
246 2148 392 2209 nonnullis
404 2147 489 2226 fides,
500 2135 719 2210 uxorem'durit.
738 2148 811 2210 Orta
823 2169 892 2210 vero
907 2147 1266 2225 contentionc,.lnnouem

203 2253 295 2328 iuter,
310 2242 421 2314 Pallada
430 2297 440 2330 ,
450 2265 480 2314 et
493 2255 650 2330 Venerem,
663 2253 698 2315 dc
710 2252 941 2335 pulchritudine,
958 2253 1061 2315 arbiter
1072 2253 1171 2315 aJove
1185 2251 1266 2312 Paris

205 2354 330 2416 delectus
344 2368 405 2431 est,
419 2355 470 2437 qui
486 2367 590 2418 tautam
607 2356 686 2417 litem
700 2369 895 2439 componeret.
918 2358 1053 2440 Regnum
1066 2358 1165 2434 Juuo,
1176 2355 1267 2418 Pallas

204 2459 368 2542 sapientiam
386 2458 506 2533 obtulit3
528 2463 624 2524 Venus
639 2472 751 2536 autem,
772 2461 923 2523 mulierum
939 2460 1174 2543 pulcherrimam
1201 2483 1269 2542 qnae

204 2584 249 2626 res
263 2575 357 2626 totum
372 2564 427 2648 ipsi
447 2564 569 2647 jndicem
583 2565 752 2628 conciliavit.
775 2562 899 2647 Agnitus
924 2565 1024 2626 deiude
1048 2565 1125 2626 Paris
1150 2585 1166 2624 a
1186 2579 1269 2645 patre

163 2733 168 2744 ,
204 2669 335 2747 Priamo,
345 2671 472 2752 Spartam
487 2670 645 2754 navigavit,
659 2682 823 2752 raptamque
838 2669 985 2747 llelcueu,
1000 2669 1121 2732 Menelai
1131 2687 1271 2748 uxorem,

206 2773 323 2856 Troiam
337 2773 462 2836 abduxit.
482 2775 551 2851 Quo
563 2772 679 2851 audito,
696 2774 818 2837 OEuoue
835 2774 1034 2855 conqueritur,
1051 2774 1102 2835 lrae
1118 2772 1270 2854 Epistola,

207 2876 1152 2963 deperfidiaconjugisffleleneuqueGraecisrcddat,suadet.Vid
1164 2878 1268 2960 Dictys
1351 2888 1354 2893 '

209 2983 288 3046 Cret.
299 3018 340 3033 -·
356 2983 460 3061 Quint.
475 2981 572 3046 Calah.
588 2999 626 3062 x,
642 2980 717 3065 ado,
732 3006 796 3067 sqq.
