2790 4696
509 303 865 374 consonano.
1156 305 1220 390 415

161 446 259 543 Quos
277 443 421 544 primum
436 441 504 515 vidi
522 441 642 531 fasces,
660 442 696 515 in
713 441 827 516 funere
841 439 932 514 vidi:

208 562 254 631 Ee
270 556 338 630 vidi
355 585 502 644 eversos,
520 557 744 659 indiciumque
761 557 849 632 mali.

160 673 249 772 Quis
265 672 397 746 credat?
413 672 510 746 matri
528 671 586 746 lux
602 672 671 747 haec
686 675 895 749 moestissima
913 674 1022 761 venit,

212 790 289 885 Qua
304 806 418 862 natum
435 787 469 860 in
488 816 618 891 summo
635 788 719 862 vidit
734 789 863 863 honore
881 793 996 863 suum!

161 907 278 978 Jamne
295 930 357 997 ego
374 931 445 975 non
458 901 561 977 felix?
576 905 643 1002 jam
656 933 734 1004 pars
747 905 831 977 mihi
847 922 942 1006 rapta
958 908 1144 999 Neronum,
1179 935 1223 1001 145

210 1017 355 1092 Materni
373 1016 501 1091 celeber
517 1020 652 1093 nomine
670 1020 802 1093 Drusus
820 1019 902 1092 avi?

161 1135 278 1207 Jamnc
295 1159 388 1205 meus
405 1159 475 1204 non
493 1148 559 1219 est,
578 1160 638 1207 nec
655 1161 707 1207 me
725 1133 803 1207 lacit
820 1132 875 1208 ille
893 1138 1089 1236 parentem?

209 1249 326 1321 Jamne
342 1246 391 1319 sui
408 1246 511 1320 Drusi
524 1250 652 1321 mater?
667 1265 701 1322 et
717 1250 788 1350 ipse
802 1248 894 1323 fuit?

161 1365 231 1437 Nee
249 1392 352 1464 quum
364 1363 520 1436 victorem
534 1361 695 1436 reseretur
710 1363 823 1439 adesse
840 1367 1024 1453 Neronem,

210 1481 329 1554 Dicere
344 1480 412 1577 jam
428 1496 567 1580 potero,
586 1479 712 1577 Major,
732 1508 773 1553 an
790 1479 892 1568 alter,
910 1480 1025 1554 adest?
1181 1506 1227 1556 150

161 1592 288 1667 Ultima
298 1593 501 1688 contigimus
516 1593 589 1691 :jus
602 1594 716 1667 matris
731 1594 893 1668 habemus
911 1595 953 1668 ab
968 1624 1055 1669 uno:

212 1710 321 1783 Unius
337 1727 388 1782 est
405 1738 541 1797 munus,
563 1708 654 1810 quod
672 1727 781 1785 tamen
799 1711 882 1784 orba
893 1738 1010 1806 negor.

163 1826 221 1899 Ille
237 1826 408 1899 miseram!
427 1826 578 1914 extimui,
596 1825 768 1926 frigusque
786 1854 846 1927 per
863 1853 938 1898 ossa
953 1827 1120 1914 cucurrit3

212 1940 269 2015 Nil
285 1970 347 2038 ego
363 1942 429 2040 jam
446 1970 585 2042 possum
598 1959 686 2015 certa
703 1970 818 2015 vocare
836 1969 956 2014 meum.

164 2058 229 2133 Hie
241 2086 334 2132 meus
351 2086 424 2131 ecce
441 2057 506 2131 fuit
520 2057 638 2155 :jubet
654 2058 710 2131 hic
728 2058 768 2132 de
785 2057 885 2133 fratre
903 2060 1023 2147 vereri,
1183 2083 1228 2132 155

213 2175 337 2248 Omnia
351 2175 416 2273 jam
434 2191 546 2247 metuo
561 2204 569 2247 :
586 2174 706 2248 sortior
722 2193 797 2249 ante
816 2174 875 2248 fui.

162 2291 296 2392 Sospite
315 2309 346 2366 te
363 2289 478 2365 saltem
495 2290 633 2379 moriar,
650 2294 758 2366 Nero!
778 2309 814 2365 tu
831 2320 903 2366 mea
917 2291 1041 2365 condas

210 2407 368 2496 Lumina,
384 2425 419 2481 et
435 2406 578 2507 excipias
596 2407 681 2481 hanc
698 2408 839 2481 animam
858 2436 914 2481 ore
931 2408 1000 2509 pio.

163 2523 276 2622 Atque
293 2523 418 2597 utinam
436 2523 539 2596 Drusi
557 2551 674 2596 manus
691 2522 809 2613 altera,
828 2522 977 2598 etaltera
995 2521 1127 2610 fratris,

164 2742 280 2793 gnomen
288 2723 377 2778 Druso
385 2767 392 2792 ,
400 2746 433 2780 eo
440 2727 510 2797 ipso,
520 2746 573 2797 quo
580 2726 671 2798 periit,
721 2729 836 2800 primum
848 2728 1081 2794 denominabalur3
1089 2728 1134 2783 sed
1145 2749 1227 2800 quum

165 2822 237 2856 anno
246 2804 406 2874 obtigerunt.
721 2805 1228 2877 unusexillisGallorumducemquem·

201 2884 296 2949 1de!
300 2888 464 2937 ve'dr'ecersos.
472 2885 589 2954 Quidam
597 2891 674 2938 aleret·
722 2883 802 2951 dam,
819 2887 930 2938 Drusum
943 2885 1068 2952 nomine,
1081 2882 1227 2950 occidissel,

166 2960 545 3016 sonSolebantenimvirorum
553 2964 672 3034 insignia,
723 2958 773 3013 lroc
791 2960 838 3014 sibi
857 2980 1004 3029 cognomen
1026 2961 1132 3014 addidit.
1157 2961 1228 3014 Hinc

167 3038 207 3090 vel
220 3058 292 3092 arma
304 3041 332 3093 in
343 3042 435 3095 sunere
448 3048 552 3095 incedi:
565 3044 609 3111 qui
618 3061 675 3096 mos
723 3058 806 3109 genus
823 3039 933 3093 ducebat
953 3042 1027 3093 libro
1042 3037 1175 3096 omma,
1195 3035 1229 3087 de

168 3114 254 3169 adhuc
262 3116 329 3186 apud
339 3137 395 3171 nos.
405 3119 448 3173 Sic
458 3119 548 3189 Virgil.
559 3121 621 3173 AEn.
630 3137 673 3188 xi,
724 3136 775 3185 qua
786 3117 829 3169 hic
839 3117 930 3186 agitur.
940 3115 1041 3168 Drusus
1048 3112 1138 3182 virgil.
1148 3112 1230 3164 hono·

168 3191 212 3244 lib.
222 3193 269 3265 93,
282 3195 308 3246 in
323 3194 446 3249 Pallantis
456 3199 547 3251 sunere
560 3217 566 3250 :
723 3193 794 3246 rifice
805 3202 1013 3256 commemorat,
1030 3190 1093 3242 AEn.
1104 3205 1150 3250 ul,
1164 3190 1228 3256 δώ

170 3283 252 3322 ...mun
261 3285 550 3341 mmupunuu1‚reuerique
560 3295 676 3339 munstur,
722 3268 1227 3340 sedadulatoriemagis,qnamhisloriee.

168 3355 200 3408 'ry
204 3356 307 3409 ulmique
317 3358 376 3396 duces
381 3387 389 3406 ,
399 3366 417 3396 et
425 3363 483 3400 unis
491 3360 576 3399 Accedes
584 3361 653 3400 umis.
758 3351 812 3401 150.
829 3349 927 3416 Major,
941 3367 976 3400 an
986 3352 1055 3400 aller
1063 3349 1139 3399 ades!
1143 3351 1158 3401 ,Ρ
1173 3347 1229 3401 NEC

201 3432 256 3498 143.
274 3434 332 3485 Lux
348 3436 405 3487 haec
425 3439 587 3487 maslr'ssr'rna
599 3437 674 3486 venr'l.
723 3445 840 3497 querere
861 3425 915 3494 jam
936 3436 1051 3496 potem,
1075 3434 1134 3476 ultr
1157 3422 1229 3476 adest

168 3512 373 3566 carosonaveu.
381 3532 473 3566 omnes
481 3510 540 3564 edd.
550 3509 631 3578 Quod
640 3511 675 3563 ita
722 3503 830 3560 victor?
854 3504 959 3558 Narone
981 3502 1085 3570 major,
1109 3501 1229 3554 Tiberius

165 3606 221 3640 non
231 3589 393 3660 improbem,
408 3601 437 3643 ut
446 3589 543 3642 ironice
556 3588 673 3654 dictum,
722 3584 834 3650 scilicet,
853 3601 885 3635 an
898 3580 1001 3634 Drusus
1016 3578 1121 3632 scater?
1141 3578 1228 3632 Ambo

166 3683 252 3732 neque
269 3668 328 3721 ideo
346 3689 360 3721 a
377 3686 482 3721 summo
498 3664 587 3718 dolore
605 3665 674 3718 alie-
722 3673 811 3717 autern
834 3663 943 3716 virtores
972 3661 1026 3730 jam
1052 3658 1185 3713 redierant
1213 3680 1228 3714 e

166 3759 241 3793 num.
270 3743 439 3798 Confirmant
465 3754 591 3816 preterea
615 3763 674 3814 qnae
723 3742 840 3808 Rheso,
858 3739 1001 3793 Vindelicis
1013 3749 1150 3808 elc,quae
1164 3738 1228 3808 qui-
1250 3778 1254 3799 ,

166 3830 330 3888 sequuntur,
358 3824 403 3887 145
423 3843 430 3876 ς
449 3826 542 3876 lamae
558 3842 605 3890 ego
624 3841 675 3874 non
723 3819 784 3873 dem
802 3819 915 3872 victorie
931 3817 1069 3888 magnifice
1086 3816 1151 3870 adeo
1164 3820 1228 3871 lue-

162 3897 248 3967 selis!
721 3908 786 3951 runt
794 3897 826 3951 ab
835 3895 947 3950 Horatio
960 3896 1117 3964 decantate,
1132 3895 1175 3951 lib.
1187 3912 1227 3959 rv,

206 3977 259 4044 145.
270 3979 386 4030 Materni
394 3980 494 4029 celeber
501 3980 675 4031 nominenu-
723 3975 777 4030 Od.
794 3979 849 4042 det
869 3977 905 4040 ¹4·

170 4075 214 4109 sus
230 4062 279 4110 ari.
297 4055 445 4109 Drusorum
464 4054 579 4119 familia,
602 4053 674 4108 Livia
758 4053 1228 4127 159.Atqaeeu!iaamBraesimanasetc.
