2790 4696
373 1208 703 1297 EPISTOLAE
749 1208 1109 1295 UNDECIMAE

546 1426 939 1497 nnoomnnrou.

254 1663 362 1722 Canace
382 1672 411 1722 et
423 1663 589 1738 Macareus,
606 1661 682 1723 AEoli
698 1673 849 1724 ventorum
864 1661 940 1744 regis
956 1658 1021 1735 filii,
1046 1680 1134 1739 quum
1150 1659 1274 1720 nefando

212 1766 301 1829 amori
316 1764 429 1847 turpius
449 1765 649 1844 indulsissent,
677 1764 767 1826 filium
784 1764 894 1826 Canace
909 1764 1042 1846 peperit,
1055 1783 1162 1844 quem,
1180 1784 1275 1842 quum

213 1892 230 1931 e
249 1871 343 1955 regia,
355 1871 475 1932 nutricis
492 1891 569 1952 ope,
587 1871 743 1946 emitteret,
762 1880 797 1931 ut
812 1868 883 1930 clam
900 1867 1041 1944 aleretur,
1054 1867 1150 1951 vagitu
1170 1887 1227 1928 suo
1245 1888 1275 1927 se

213 1974 356 2058 prodidit3
380 1972 543 2036 etliliorum
560 1973 664 2035 scelere
674 1975 806 2036 incensus
822 1986 901 2056 pater
914 1973 1047 2034 infantem
1061 1969 1176 2033 mnibus
1191 1972 1277 2053 jussit

213 2081 331 2162 exponi,
347 2092 377 2143 et
389 2079 513 2165 gladium
529 2078 647 2141 Canaces
664 2079 757 2156 misit,
774 2099 834 2160 quo
856 2101 910 2160 pro
933 2078 1040 2140 meritis
1058 2088 1194 2138 uteretur.
1218 2075 1274 2137 set

213 2187 377 2267 priusquam
388 2185 545 2261 moriatur,
554 2185 685 2245 Maorreo
695 2227 705 2260 ,
717 2185 769 2264 qui
781 2187 837 2266 jam
850 2183 881 2244 in
896 2181 1032 2264 templum
1047 2181 1189 2264 Apollinis
1201 2180 1279 2242 Del-

214 2288 290 2370 phici
301 2290 483 2372 confugerat,
492 2310 571 2350 casus
582 2309 651 2350 suos
660 2286 713 2349 hac
722 2286 851 2370 Epistola
861 2300 969 2361 narrat,
983 2298 1124 2369 rogatque
1136 2297 1171 2346 nt
1180 2284 1277 2346 matris

215 2392 298 2453 simul
310 2405 339 2453 et
353 2393 435 2474 pueri
444 2393 552 2454 cineres
564 2392 699 2477 colligat,
712 2404 741 2452 et
757 2392 853 2454 eadem
869 2414 939 2454 urna
955 2403 1036 2452 curet
1048 2389 1274 2472 componendos.

255 2497 377 2558 vidend.
389 2496 558 2579 Apollod.1,
573 2519 608 2578 73
621 2496 727 2581 Hygin.
738 2496 805 2558 rat.
817 2495 967 2569 238-2423
981 2493 1166 2574 Aristophan.
1177 2492 1276 2554 Solrol.

215 2602 250 2663 ad
266 2601 385 2679 Nubes,
413 2600 506 2683 ยน37!st
526 2603 562 2663 ad
583 2603 703 2677 naum,
719 2600 797 2684 8743
820 2614 850 2662 et
871 2601 1031 2682 Fragment.
1048 2596 1181 2676 Euripid.
1199 2596 1280 2678 apul

216 2707 353 2784 Barnea,
372 2732 401 2791 p.
421 2707 490 2785 444.
506 2708 562 2770 Ed.
580 2707 742 2792 Canutbrig.
763 2702 849 2790 1694.
