2790 4696
379 310 729 387 urrrourrus
761 319 1004 391 rumore.
1183 330 1226 419 93

161 452 280 548 Regna
295 448 382 524 mibi
399 451 569 552 spondes?
584 470 623 526 ot
640 471 687 544 te,
706 456 754 531 sie
770 458 901 533 odimus
918 458 984 535 illa.
1183 489 1229 543 1⁸5

212 568 300 665 Quae
316 566 400 640 mibi
416 586 496 642 sunt
512 569 607 658 odio,
625 569 713 667 finge
728 571 857 674 plaeere
875 592 994 650 tamen.

161 684 235 782 Qui
249 683 378 785 potiar,
394 683 459 758 nisi
477 712 537 785 per
552 683 691 759 Dauum
708 688 878 789 patrisque
896 692 1074 764 cruorem?

212 800 290 873 Hoc
309 826 440 900 quoque
458 816 494 873 tu
511 799 655 877 suades?
670 800 735 874 boe
753 817 831 875 tuus
847 804 935 876 ausit
950 807 1067 879 amor?
1144 840 1147 844 ·

164 914 238 990 Ah!
258 931 308 1003 te,
326 915 564 1015 Demophoon,
582 916 739 1004 miserm,
760 933 876 1017 teque,
895 919 1015 1022 inclyte
1032 922 1186 1012 Theseu;

214 1031 282 1117 Te,
302 1031 379 1131 quia
397 1030 535 1107 Phaedra
552 1060 652 1119 uxor3
673 1048 720 1119 te,
741 1033 819 1133 quia
836 1033 974 1113 Phaedra
988 1068 1118 1142 parens.
1187 1081 1232 1133 ¹9⁰

165 1145 322 1220 Forsitan
337 1144 478 1221 hostiles
494 1147 577 1234 iras,
594 1163 652 1221 aut
667 1143 756 1220 bella
773 1146 917 1223 timetis:

213 1262 261 1334 At
277 1259 426 1336 Pbaedrae
443 1263 541 1336 vobis
558 1279 610 1336 est
626 1260 823 1337 metuendus
840 1291 941 1338 amor.

167 1378 246 1450 Este
264 1393 375 1451 tamen
392 1377 432 1452 de
449 1407 502 1452 me
521 1378 651 1452 securi:
671 1377 804 1452 tendere
822 1376 903 1453 solis
938 1412 942 1419 ·

215 1492 359 1567 Insidias
375 1490 474 1567 labor
490 1512 542 1569 est
557 1510 686 1582 noster,
706 1493 834 1593 eritque
853 1491 941 1568 seris.

168 1608 340 1709 Unieaque
358 1609 499 1683 ambitio
516 1627 584 1697 est,
601 1639 643 1684 ne
660 1608 742 1705 figat
757 1608 858 1683 missa
874 1608 1004 1686 lacertis
1190 1644 1235 1712 ¹9⁵

215 1723 365 1799 Alterius
381 1724 511 1826 plures,
531 1755 630 1828 mam
646 1754 719 1800 mea
735 1725 863 1827 cuspis,
882 1754 991 1827 apros.

171 1837 262 1935 Quid
277 1839 361 1913 mihi
379 1867 455 1912 cum
471 1842 598 1937 regnis,
618 1842 647 1916 si
663 1869 722 1916 rex
740 1840 798 1941 qui
815 1839 974 1928 sustinet,
992 1842 1087 1937 angi,

220 1955 267 2026 Et
282 1982 412 2056 semper
430 1955 559 2056 trepida
576 1974 708 2057 sceptra
722 1973 831 2029 tenere
847 1955 971 2028 manu?

176 2066 303 2140 Omnes
320 2067 350 2139 si
365 2067 485 2167 Superi
503 2069 616 2143 dicant
632 2069 715 2142 mihi
731 2099 738 2142 ε
754 2071 871 2163 Regna
887 2095 1041 2169 capesse:

223 2180 390 2254 Hostibus
405 2181 491 2271 baec,
510 2182 631 2272 dicam,
651 2183 709 2256 Dii
727 2182 818 2272 date,
838 2211 966 2284 quaeso,
985 2182 1076 2256 meis.
1189 2224 1238 2262 200

177 2296 241 2371 llei
257 2295 356 2385 mibi,
375 2326 524 2373 omarum
544 2317 629 2400 quot
644 2297 764 2386 millia,
784 2317 933 2399 quotque
952 2299 1127 2391 timorum,

224 2411 321 2508 Quot
336 2411 443 2486 luctus
460 2414 585 2489 circum
601 2415 694 2511 regia
711 2430 796 2488 tecta
813 2413 945 2487 volant!

176 2529 244 2603 Nec
262 2557 363 2624 regno
381 2558 475 2605 careo
490 2561 498 2604 :
513 2559 654 2625 regnum
670 2529 754 2604 mibi
770 2528 876 2603 libera
892 2557 985 2602 mens
1001 2548 1067 2619 est,

223 2647 267 2719 Et
281 2648 408 2748 proba,
428 2676 525 2748 quam
543 2665 672 2750 captam
689 2643 782 2718 nulla
798 2642 920 2744 cupido
939 2661 1036 2717 tenet.

179 2761 316 2861 bnperat
333 2761 405 2838 brec
424 2761 527 2850 odiis,
546 2781 581 2837 et
597 2760 785 2846 amoribus;
804 2758 943 2858 imperat
960 2756 1034 2845 irae,
1190 2782 1240 2840 205

223 2879 268 2950 Et
284 2877 399 2952 domat
416 2879 557 2980 imperio
576 2904 735 2980 spemque
752 2892 943 2975 metumque
961 2901 1032 2946 suo.

182 2991 297 3067 Exulat
313 2987 394 3068 binc
409 3022 585 3096 procerum
603 2992 704 3077 livor,
719 2989 945 3092 scelerumque
960 2992 1121 3092 repertrix

226 3112 396 3201 Ambitio,
416 3131 451 3187 et
469 3110 633 3214 quidquid
650 3125 780 3210 sceptra
798 3105 943 3181 timenda
959 3105 1047 3179 facit.

183 3228 227 3300 Et
243 3255 382 3321 regnum
397 3228 481 3302 mihi
499 3244 578 3301 sunt
594 3225 684 3300 ¹silvae
703 3255 711 3298 :
731 3222 939 3296 dominamur
954 3221 991 3292 in
1009 3220 1090 3307 illis,

232 3341 350 3442 Deque
367 3342 460 3432 leris,
479 3360 634 3443 tauquam
653 3356 765 3436 gente,
785 3339 912 3411 tributa
929 3353 1019 3437 peto.
1198 3369 1246 3405 210

186 3458 218 3532 0
235 3456 366 3531 valeant
381 3455 514 3558 populi,
533 3487 650 3555 regum
668 3470 831 3529 tormenta
848 3479 1007 3526 suorum:

233 3573 411 3670 Ingenium
428 3575 514 3649 sensi
530 3575 645 3648 mitius
662 3600 733 3646 esse
747 3568 835 3642 leris.

186 3689 256 3763 Has
274 3689 362 3762 inter
379 3689 488 3764 Pietas
502 3689 647 3774 babitat,
667 3688 892 3782 Rectumque,
911 3677 1107 3780 Pudorque,

235 3803 455 3908 Caelestesque
471 3806 561 3907 ipsi:
575 3832 646 3878 non
662 3801 766 3877 babet
782 3798 857 3874 aula
872 3799 972 3871 Deos.

186 3920 351 3996 Historias
370 3921 454 4023 quid
470 3919 574 3996 stulta
590 3945 707 3993 mones
723 3942 858 4017 peceare
877 3910 1057 3988 docentes?
1203 3932 1252 3985 215

234 4039 282 4114 'le
299 4038 403 4140 petis,
423 4054 458 4114 et
474 4035 550 4112 telis
567 4032 704 4113 conficis
722 4031 796 4136 ipsa
813 4028 889 4106 tuis.
