2790 4696
416 336 421 343 ·
511 312 620 381 nux
645 311 845 380 cuncis.
1149 315 1215 412 tc,

211 448 314 547 Quod
331 464 493 549 superest,
513 466 635 536 tutum,
655 448 792 521 Pontice
810 464 936 536 castor,
957 449 1073 528 bobes:

162 565 255 662 Quid
272 565 352 638 mihi
370 582 448 637 tunc
464 564 563 637 animi
582 580 647 651 est,
669 592 769 665 quum
787 565 887 637 sumit
903 563 967 639 tela
983 568 1105 659 viator,

210 682 320 780 Atque
338 677 442 752 oculis
458 678 561 780 plage
577 679 720 753 destinat
735 697 808 752 ante
825 678 957 753 locum?

162 797 229 869 Nec
249 795 348 868 vitare
366 793 442 869 licet
459 812 551 868 moto
569 794 636 869 sera
654 795 787 869 verbere
806 813 941 883 moneo,

212 911 321 1005 Quem
338 909 400 983 sub
419 910 522 983 humo
540 909 631 983 radix
651 909 820 1011 vinclaque
837 910 930 985 firma
950 929 1070 986 tenent.
1175 952 1220 1006 150

165 1027 316 1125 Corpora
332 1024 516 1126 praebemus
534 1024 640 1126 plagis
658 1053 666 1097 :
681 1042 719 1097 ut
734 1053 818 1126 sepe
835 1027 979 1122 sagittis,

212 1141 326 1236 Quum
344 1140 489 1241 populus
504 1141 647 1214 manicas
661 1140 852 1240 deposuisse
871 1160 980 1230 vetat.;

165 1259 250 1330 Utve
268 1285 396 1351 gravem
414 1255 555 1329 candens
574 1256 633 1329 ubi
650 1255 723 1328 tolli
741 1286 835 1330 vacca
854 1259 1009 1347 securim,

212 1373 283 1445 Aut
297 1371 415 1466 stringi
431 1369 554 1444 cultros
573 1371 608 1443 in
628 1399 686 1444 sua
701 1370 785 1446 colla
802 1372 900 1446 videt

166 1481 257 1588 Sae'pe
275 1516 362 1561 meas
378 1505 476 1560 vento
494 1485 628 1560 frondes
646 1488 814 1561 tremuisse
832 1488 998 1588 putastis:
1140 1477 1144 1483 ¹
1175 1514 1222 1581 ¹7⁵

214 1602 279 1675 Sed
296 1620 401 1676 ructus
418 1602 453 1675 in
465 1602 565 1676 nobis
584 1628 679 1675 causa
698 1604 847 1677 tremoris
862 1621 940 1677 erat.

167 1719 203 1792 si
221 1721 340 1807 merui,
360 1718 537 1818 videorque
553 1716 691 1806 nocens,
713 1719 873 1819 imponite
892 1718 1044 1805 flammae;

217 1838 403 1936 Nostraque
422 1832 560 1908 fumosis
579 1833 664 1907 urite
681 1834 828 1908 membra
845 1832 937 1905 focis.

169 2057 231 2093 eum
246 2039 366 2108 capiant,
387 2040 577 2107 insequuntur,
595 2048 671 2093 testes
754 2041 807 2113 169
829 2043 893 2093 r’em
914 2044 1016 2093 verbero
1035 2046 1129 2094 trunco.
1160 2044 1223 2096 Vol·

168 2116 216 2170 sibi
224 2126 373 2185 amputare,
383 2115 482 2184 illisque
493 2135 537 2169 eos
544 2116 670 2183 abjicere,
718 2139 792 2180 nera,
810 2138 906 2172 novem
917 2121 1011 2189 scripti.

169 2206 246 2263 atque
258 2193 672 2263 itavenantiuminsequentium·
753 2200 1139 2267 170.Iiod1'to1i1claquefima.
1156 2203 1225 2254 Vcie-

169 2289 219 2338 que
240 2288 332 2322 mantus
357 2270 478 2339 effugere.
507 2271 565 2323 Hac
589 2269 622 2327 dc
642 2287 671 2322 re
717 2278 897 2342 cloquesoca,
913 2275 1224 2346 Lovnniensiszcomaquc

168 2348 282 2416 AEsopus
293 2347 342 2399 sab.
359 2363 454 2399 xxxrrr.
468 2345 546 2400 Cror.
564 2346 672 2400 -Sex-
719 2354 810 2402 vincla.
824 2350 942 2402 Francos.
953 2361 980 2402 et
992 2349 1098 2403 edition.
1107 2362 1224 2406 veteres:

168 2425 219 2478 tius
230 2443 292 2477 vero
304 2423 371 2493 apud
387 2423 453 2477 Piin.
464 2442 557 2491 xxxrr,
574 2426 607 2490 3,
623 2443 672 2477 ne·
719 2426 763 2479 sed
776 2426 909 2479 Mediceus
920 2466 927 2494 ,
939 2436 965 2479 ct
976 2426 1056 2478 editio
1067 2447 1119 2480 una
1131 2439 1222 2496 vetus,

169 2514 212 2573 gat
223 2503 247 2556 id
260 2522 313 2557 esse
326 2502 507 2573 verum,quod
518 2503 567 2557 boc
577 2503 672 2555 animal
719 2507 822 2556 wiscolo
837 2523 911 2555 curva
927 2523 935 2554 :
951 2513 1038 2569 recte,
1056 2504 1141 2572 judice
1160 2507 1223 2560 olim

168 2591 246 2634 testes
267 2581 359 2633 babeat
377 2580 498 2649 pusillos,
529 2600 557 2633 ac
579 2580 672 2632 tumbis
721 2581 852 2647 Heinsio,
869 2581 889 2633 si
901 2585 1003 2634 wiscolo
1008 2584 1087 2651 fimo
1100 2603 1229 2653 reponas,

168 2658 334 2723 substrictos;
354 2677 403 2711 nec
422 2677 494 2727 posse
515 2657 605 2723 avelli,
623 2657 673 2710 nisi
688 2672 691 2676 ’
720 2670 747 2712 et
758 2679 805 2729 per
817 2658 1005 2728 appositionem
1020 2659 1110 2728 copias.
1124 2661 1222 2715 Bonus.

168 2756 230 2790 curn
249 2736 308 2789 vita.
335 2764 367 2774 -
386 2738 498 2789 Pontice.
524 2735 567 2789 Sic
590 2734 672 2788 dictus
762 2740 814 2807 173.
843 2739 908 2790 Utve
921 2758 1020 2807 graccos
1042 2742 1155 2792 candeas
1176 2752 1225 2795 etc.

172 2814 282 2881 Castor,
301 2813 342 2866 vei
354 2813 449 2881 biber,
466 2813 525 2884 quia
540 2814 569 2866 in
585 2814 672 2866 Ponto
720 2820 834 2871 Pasceris
848 2827 907 2870 octo
919 2816 1006 2885 scripti
1017 2836 1048 2869 ex
1060 2818 1169 2870 nostris:
1184 2818 1226 2871 aiii

169 2892 407 2962 frequentissimus:
721 2895 1227 2960 duocumvetcricditioue,pooidoest5

388 2980 528 3029 ...suros-qu
540 2980 614 3018 Penius
722 2971 792 3040 quod
811 2983 837 3023 et
857 2970 981 3024 Ciosanus
998 2990 1026 3022 ac
1046 2970 1176 3022 Fabricius
1194 2989 1225 3021 ex

172 3053 261 3091 (ΝΜ
277 3052 378 3101 (oficiis.)
391 3053 457 3090 Vm·
469 3051 538 3099 θεοῖς·
550 3061 573 3097 ¹»
585 3054 616 3100 ⁵71
720 3049 772 3099 suis
791 3044 942 3115 probarunt.
968 3046 1125 3097 Erfurtanus
1145 3043 1226 3098 codex

171 3152 205 3164 —
223 3126 308 3177 Conso
320 3127 418 3191 pericli.
444 3126 587 3175 Castorem
606 3121 674 3174 desi·
721 3124 780 3175 satis
806 3125 951 3190 antiquus,
974 3123 1097 3187 pandens.
1124 3121 1224 3189 Forte,

173 3210 251 3270 gunt,
273 3198 342 3267 quod
362 3200 505 3266 frequentis
522 3196 588 3267 apud
607 3198 675 3250 Me·
721 3203 832 3251 candens
840 3218 926 3250 vacca.
939 3197 1058 3250 Victimae
1067 3199 1139 3250 enim
1147 3198 1223 3265 albe,

172 3277 241 3331 dicos
256 3294 332 3342 usus,
349 3287 375 3328 et
393 3275 453 3327 ideo
473 3295 553 3328 caoso
568 3277 679 3343 periculi
722 3287 794 3328 ntes
811 3275 923 3344 antiquis
939 3275 1085 3327 auctoribus
1098 3285 1136 3327 est
1151 3294 1225 3328 com-

172 3364 211 3407 est
226 3352 335 3406 Castori,
356 3353 431 3405 Falso
445 3353 585 3406 credebant
601 3362 675 3404 vete-
722 3363 844 3423 portum,
868 3352 916 3404 nisi
936 3371 993 3420 quae
1010 3352 1057 3404 Dis
1070 3353 1158 3405 inseris
1175 3373 1226 3407 εν

170 3451 213 3483 res
229 3431 298 3483 virus
314 3429 376 3482 iilud
398 3449 412 3481 e
433 3429 538 3482 testibus
558 3427 674 3480 animalis
723 3429 858 3482 debentur.
876 3429 974 3481 limus.

171 3508 272 3573 emitti,
287 3526 370 3577 quum
383 3526 397 3559 e
410 3505 497 3558 loculis
508 3505 613 3572 effluat,
626 3505 674 3557 in-
757 3526 809 3574 ¹77·
827 3508 1069 3571 Imponaetellamme.
1089 3507 1168 3559 Forte
1182 3507 1226 3561 Ιε-

173 3586 272 3640 tcstinis
283 3583 480 3638 subsidentibus
723 3583 854 3653 gendum,
865 3585 1135 3649 imponitefiammam:
1147 3596 1176 3637 ut
1185 3586 1228 3638 in-

206 3663 258 3732 167.
289 3665 360 3727 Quid
373 3665 437 3713 mebi
452 3667 512 3713 tunc
530 3664 611 3712 animi
628 3664 675 3711 est.
723 3660 999 3729 telligatur,orborem
1012 3662 1134 3714 succisam
1147 3664 1227 3717 exuri.

172 3739 310 3793 Summam
319 3736 675 3792 movetcommiscrationem.
724 3738 753 3791 ld
765 3738 785 3791 si
797 3758 852 3791 non
864 3739 960 3808 placet,
973 3738 1145 3808 intelligamus
1155 3741 1226 3794 iliam

173 3817 246 3887 Virg.
261 3817 293 3870 dc
307 3817 430 3882 Didone,
443 3817 504 3868 AEn.
515 3831 560 3881 rv,
574 3817 636 3880 408:
723 3816 848 3880 excisam,
868 3815 918 3869 iilic
933 3817 1023 3880 esuri,
1041 3817 1084 3868 ubi
1103 3829 1162 3871 nota
1180 3830 1227 3874 est.

172 3901 223 3951 Quis
233 3899 270 3937 tibi
279 3907 324 3937 tnnc
331 3928 338 3946 ,
348 3901 415 3946 Dido,
431 3899 515 3936 cernenti
526 3898 571 3934 tatis
584 3897 664 3935 mous?
758 3893 811 3960 178,
825 3894 962 3959 Nostraque
967 3891 1079 3959 fumosis
1090 3903 1137 3947 eit.
1154 3893 1227 3961 Quo·

174 3998 207 4012 ·-
225 3973 294 4024 Tela.
311 3970 420 4040 Proprie
432 3984 438 4017 τ
452 3969 473 4021 si
482 3988 550 4022 saxa
558 3968 675 4035 dixisset,
723 3987 783 4018 rum
799 3969 931 4039 deplorata
952 3969 1048 4022 molitio
1066 3981 1119 4036 est,
1140 3971 1229 4040 capitis

176 4068 234 4103 reni
249 4067 304 4102 non
321 4049 381 4102 satis
397 4046 564 4116 expressisset
582 4044 660 4099 Cror.
723 4045 847 4114 supplicio
865 4046 936 4100 vetut
957 4057 1126 4118 amputantur
1138 4067 1154 4099 a
1169 4065 1230 4100 cor-
