<?xml version="1.0" encoding="UTF-8"?>
<!DOCTYPE html PUBLIC "-//W3C//DTD XHTML 1.0 Transitional//EN"
    "http://www.w3.org/TR/xhtml1/DTD/xhtml1-transitional.dtd">
<html xmlns="http://www.w3.org/1999/xhtml" xml:lang="en" lang="en">
 <head>
  <title>
</title>
<meta http-equiv="Content-Type" content="text/html;charset=utf-8" />
  <meta name='ocr-system' content='tesseract 3.04.00' />
  <meta name='ocr-capabilities' content='ocr_page ocr_carea ocr_par ocr_line ocrx_word'/>
</head>
<body>
  <div class='ocr_page' id='page_1' title='image "./publiiovidiinas06massgoog/publiiovidiinas06massgoog_0220.png"; bbox 0 0 2790 4696; ppageno 0'>
   <div class='ocr_carea' id='block_1_1' title="bbox 172 337 235 430">
    <p class='ocr_par' dir='ltr' id='par_1_1' title="bbox 172 337 235 430">
     <span class='ocr_line' id='line_1_1' title="bbox 172 337 235 430; baseline 0.048 -28"><span class='ocrx_word' id='word_1_1' title='bbox 172 337 235 430; x_wconf 84' lang='lat'>196</span> 
     </span>
    </p>
   </div>
   <div class='ocr_carea' id='block_1_2' title="bbox 525 336 857 407">
    <p class='ocr_par' dir='ltr' id='par_1_2' title="bbox 525 336 857 407">
     <span class='ocr_line' id='line_1_2' title="bbox 525 336 857 407; baseline -0.003 -3"><span class='ocrx_word' id='word_1_2' title='bbox 525 336 790 406; x_wconf 86' lang='lat' dir='ltr'><strong>EPISTOLA</strong></span> <span class='ocrx_word' id='word_1_3' title='bbox 812 342 857 407; x_wconf 85' lang='lat' dir='ltr'>X.</span> 
     </span>
    </p>
   </div>
   <div class='ocr_carea' id='block_1_3' title="bbox 164 475 1230 1608">
    <p class='ocr_par' dir='ltr' id='par_1_3' title="bbox 164 475 1230 1608">
     <span class='ocr_line' id='line_1_3' title="bbox 214 475 1006 576; baseline 0 -28"><span class='ocrx_word' id='word_1_4' title='bbox 214 475 307 573; x_wconf 86' lang='lat' dir='ltr'>Quid</span> <span class='ocrx_word' id='word_1_5' title='bbox 324 475 465 576; x_wconf 84' lang='lat' dir='ltr'>sequar?</span> <span class='ocrx_word' id='word_1_6' title='bbox 480 502 628 550; x_wconf 75' lang='lat' dir='ltr'>accessus</span> <span class='ocrx_word' id='word_1_7' title='bbox 644 493 729 550; x_wconf 83' lang='lat' dir='ltr'>terra</span> <span class='ocrx_word' id='word_1_8' title='bbox 745 493 881 576; x_wconf 85' lang='lat' dir='ltr'>paterna</span> <span class='ocrx_word' id='word_1_9' title='bbox 897 495 1006 572; x_wconf 82' lang='lat' dir='ltr'>negat.</span> 
     </span>
     <span class='ocr_line' id='line_1_4' title="bbox 166 587 882 689; baseline 0 -26"><span class='ocrx_word' id='word_1_10' title='bbox 166 592 214 663; x_wconf 87' lang='lat' dir='ltr'>Ut</span> <span class='ocrx_word' id='word_1_11' title='bbox 229 607 296 662; x_wconf 86' lang='lat' dir='ltr'>rate</span> <span class='ocrx_word' id='word_1_12' title='bbox 313 587 399 662; x_wconf 90' lang='lat' dir='ltr'>selici</span> <span class='ocrx_word' id='word_1_13' title='bbox 416 605 529 689; x_wconf 87' lang='lat' dir='ltr'>pacata</span> <span class='ocrx_word' id='word_1_14' title='bbox 543 616 604 689; x_wconf 91' lang='lat' dir='ltr'>per</span> <span class='ocrx_word' id='word_1_15' title='bbox 620 617 754 689; x_wconf 79' lang='lat' dir='ltr'>aequora</span> <span class='ocrx_word' id='word_1_16' title='bbox 770 588 882 677; x_wconf 88' lang='lat' dir='ltr'>labar;</span> 
     </span>
     <span class='ocr_line' id='line_1_5' title="bbox 194 684 928 803; baseline 0 -27"><span class='ocrx_word' id='word_1_17' title='bbox 194 684 388 803; x_wconf 64' lang='lat' dir='ltr'>‘Temperet</span> <span class='ocrx_word' id='word_1_18' title='bbox 404 720 443 777; x_wconf 91' lang='lat' dir='ltr'>ut</span> <span class='ocrx_word' id='word_1_19' title='bbox 460 719 576 776; x_wconf 84' lang='lat' dir='ltr'>ventos</span> <span class='ocrx_word' id='word_1_20' title='bbox 594 701 732 791; x_wconf 88' lang='lat' dir='ltr'>AEolus;</span> <span class='ocrx_word' id='word_1_21' title='bbox 751 702 842 777; x_wconf 82' lang='lat' dir='ltr'>exsul</span> <span class='ocrx_word' id='word_1_22' title='bbox 860 732 928 778; x_wconf 91' lang='lat' dir='ltr'>ero.</span> 
     </span>
     <span class='ocr_line' id='line_1_6' title="bbox 165 816 1009 919; baseline 0.001 -28"><span class='ocrx_word' id='word_1_23' title='bbox 165 819 242 891; x_wconf 87' lang='lat' dir='ltr'>Non</span> <span class='ocrx_word' id='word_1_24' title='bbox 257 845 319 912; x_wconf 84' lang='lat' dir='ltr'>ego</span> <span class='ocrx_word' id='word_1_25' title='bbox 338 834 387 905; x_wconf 85' lang='lat' dir='ltr'>te,</span> <span class='ocrx_word' id='word_1_26' title='bbox 408 817 519 904; x_wconf 89' lang='lat' dir='ltr'>Crete,</span> <span class='ocrx_word' id='word_1_27' title='bbox 534 833 666 892; x_wconf 86' lang='lat' dir='ltr'>centum</span> <span class='ocrx_word' id='word_1_28' title='bbox 685 816 812 913; x_wconf 82' lang='lat' dir='ltr'>digesta</span> <span class='ocrx_word' id='word_1_29' title='bbox 823 847 884 919; x_wconf 93' lang='lat' dir='ltr'>per</span> <span class='ocrx_word' id='word_1_30' title='bbox 893 817 1009 906; x_wconf 87' lang='lat' dir='ltr'>urbes,</span> 
     </span>
     <span class='ocr_line' id='line_1_7' title="bbox 212 932 897 1033; baseline -0.003 -27"><span class='ocrx_word' id='word_1_31' title='bbox 212 932 420 1033; x_wconf 80' lang='lat' dir='ltr'>Adspiciam,</span> <span class='ocrx_word' id='word_1_32' title='bbox 436 960 541 1032; x_wconf 90' lang='lat' dir='ltr'>puero</span> <span class='ocrx_word' id='word_1_33' title='bbox 560 933 693 1028; x_wconf 85' lang='lat' dir='ltr'>cognita</span> <span class='ocrx_word' id='word_1_34' title='bbox 709 950 796 1006; x_wconf 88' lang='lat' dir='ltr'>terra</span> <span class='ocrx_word' id='word_1_35' title='bbox 811 933 897 1006; x_wconf 87' lang='lat' dir='ltr'>Jovi.</span> 
     </span>
     <span class='ocr_line' id='line_1_8' title="bbox 165 1045 966 1148; baseline -0.004 -27"><span class='ocrx_word' id='word_1_36' title='bbox 165 1049 249 1122; x_wconf 89' lang='lat' dir='ltr'>Nam</span> <span class='ocrx_word' id='word_1_37' title='bbox 266 1065 377 1148; x_wconf 88' lang='lat' dir='ltr'>pater,</span> <span class='ocrx_word' id='word_1_38' title='bbox 394 1064 428 1120; x_wconf 90' lang='lat' dir='ltr'>et</span> <span class='ocrx_word' id='word_1_39' title='bbox 445 1045 543 1142; x_wconf 82' lang='lat' dir='ltr'>tellus</span> <span class='ocrx_word' id='word_1_40' title='bbox 557 1047 649 1144; x_wconf 89' lang='lat' dir='ltr'>justo</span> <span class='ocrx_word' id='word_1_41' title='bbox 666 1064 801 1141; x_wconf 80' lang='lat' dir='ltr'>regnata</span> <span class='ocrx_word' id='word_1_42' title='bbox 818 1047 966 1148; x_wconf 87' lang='lat' dir='ltr'>parenti,</span> 
     </span>
     <span class='ocr_line' id='line_1_9' title="bbox 213 1160 1230 1258; baseline 0.003 -21"><span class='ocrx_word' id='word_1_43' title='bbox 213 1163 351 1237; x_wconf 88' lang='lat' dir='ltr'>Prodita</span> <span class='ocrx_word' id='word_1_44' title='bbox 368 1177 447 1236; x_wconf 88' lang='lat' dir='ltr'>suut</span> <span class='ocrx_word' id='word_1_45' title='bbox 462 1160 566 1251; x_wconf 83' lang='lat' dir='ltr'>lacto,</span> <span class='ocrx_word' id='word_1_46' title='bbox 585 1161 721 1235; x_wconf 90' lang='lat' dir='ltr'>uomina</span> <span class='ocrx_word' id='word_1_47' title='bbox 737 1189 825 1251; x_wconf 87' lang='lat' dir='ltr'>cara,</span> <span class='ocrx_word' id='word_1_48' title='bbox 842 1191 939 1237; x_wconf 89' lang='lat' dir='ltr'>meo:</span> <span class='ocrx_word' id='word_1_49' title='bbox 988 1193 993 1201; x_wconf 88' lang='lat'><strong>·</strong></span> <span class='ocrx_word' id='word_1_50' title='bbox 1195 1206 1230 1258; x_wconf 79' lang='lat'>7⁰</span> 
     </span>
     <span class='ocr_line' id='line_1_10' title="bbox 165 1273 1009 1374; baseline 0.002 -26"><span class='ocrx_word' id='word_1_51' title='bbox 165 1278 279 1374; x_wconf 83' lang='lat' dir='ltr'>Quum</span> <span class='ocrx_word' id='word_1_52' title='bbox 298 1275 377 1363; x_wconf 88' lang='lat' dir='ltr'>tibi,</span> <span class='ocrx_word' id='word_1_53' title='bbox 394 1303 435 1349; x_wconf 92' lang='lat' dir='ltr'>ne</span> <span class='ocrx_word' id='word_1_54' title='bbox 451 1275 558 1348; x_wconf 83' lang='lat' dir='ltr'>victor</span> <span class='ocrx_word' id='word_1_55' title='bbox 574 1292 661 1349; x_wconf 85' lang='lat' dir='ltr'>tecto</span> <span class='ocrx_word' id='word_1_56' title='bbox 677 1303 841 1351; x_wconf 83' lang='lat' dir='ltr'>morerere</span> <span class='ocrx_word' id='word_1_57' title='bbox 851 1273 1009 1364; x_wconf 87' lang='lat' dir='ltr'>recurvo,</span> 
     </span>
     <span class='ocr_line' id='line_1_11' title="bbox 212 1389 999 1491; baseline -0.001 -28"><span class='ocrx_word' id='word_1_58' title='bbox 212 1391 297 1487; x_wconf 75' lang='lat' dir='ltr'>Qua</span> <span class='ocrx_word' id='word_1_59' title='bbox 314 1405 467 1483; x_wconf 78' lang='lat' dir='ltr'>regerent</span> <span class='ocrx_word' id='word_1_60' title='bbox 481 1417 617 1490; x_wconf 85' lang='lat' dir='ltr'>passus,</span> <span class='ocrx_word' id='word_1_61' title='bbox 635 1417 697 1491; x_wconf 89' lang='lat' dir='ltr'>pro</span> <span class='ocrx_word' id='word_1_62' title='bbox 715 1390 814 1480; x_wconf 89' lang='lat' dir='ltr'>duce,</span> <span class='ocrx_word' id='word_1_63' title='bbox 831 1390 887 1464; x_wconf 86' lang='lat' dir='ltr'>fila</span> <span class='ocrx_word' id='word_1_64' title='bbox 904 1389 999 1464; x_wconf 90' lang='lat' dir='ltr'>dedi:</span> 
     </span>
     <span class='ocr_line' id='line_1_12' title="bbox 164 1505 1062 1608; baseline -0.003 -27"><span class='ocrx_word' id='word_1_65' title='bbox 164 1508 279 1603; x_wconf 82' lang='lat' dir='ltr'>Quum</span> <span class='ocrx_word' id='word_1_66' title='bbox 295 1506 378 1581; x_wconf 92' lang='lat' dir='ltr'>mibi</span> <span class='ocrx_word' id='word_1_67' title='bbox 394 1505 545 1593; x_wconf 85' lang='lat' dir='ltr'>dicebas,</span> <span class='ocrx_word' id='word_1_68' title='bbox 561 1532 622 1605; x_wconf 90' lang='lat' dir='ltr'>per</span> <span class='ocrx_word' id='word_1_69' title='bbox 637 1534 699 1601; x_wconf 81' lang='lat' dir='ltr'>ego</span> <span class='ocrx_word' id='word_1_70' title='bbox 720 1507 792 1607; x_wconf 80' lang='lat' dir='ltr'>ipsa</span> <span class='ocrx_word' id='word_1_71' title='bbox 808 1505 954 1608; x_wconf 89' lang='lat' dir='ltr'>pericula</span> <span class='ocrx_word' id='word_1_72' title='bbox 969 1505 1062 1604; x_wconf 90' lang='lat' dir='ltr'>juro,</span> 
     </span>
    </p>
   </div>
   <div class='ocr_carea' id='block_1_4' title="bbox 160 1685 671 3230">
    <p class='ocr_par' dir='ltr' id='par_1_4' title="bbox 165 1685 671 1907">
     <span class='ocr_line' id='line_1_13' title="bbox 195 1685 671 1752; baseline -0.004 -14"><span class='ocrx_word' id='word_1_73' title='bbox 195 1685 235 1752; x_wconf 76' lang='lat'>54.</span> <span class='ocrx_word' id='word_1_74' title='bbox 248 1687 375 1738; x_wconf 76' lang='lat' dir='ltr'>Accersas</span> <span class='ocrx_word' id='word_1_75' title='bbox 385 1691 451 1737; x_wconf 79' lang='lat' dir='ltr'>lma</span> <span class='ocrx_word' id='word_1_76' title='bbox 465 1690 575 1752; x_wconf 75' lang='lat' dir='ltr'>patema</span> <span class='ocrx_word' id='word_1_77' title='bbox 589 1689 671 1751; x_wconf 65' lang='lat' dir='ltr'>negat.</span> 
     </span>
     <span class='ocr_line' id='line_1_14' title="bbox 165 1760 670 1832; baseline 0 -17"><span class='ocrx_word' id='word_1_78' title='bbox 165 1761 265 1816; x_wconf 86' lang='lat' dir='ltr'>Eadem</span> <span class='ocrx_word' id='word_1_79' title='bbox 277 1763 323 1816; x_wconf 85' lang='lat' dir='ltr'>sibi</span> <span class='ocrx_word' id='word_1_80' title='bbox 336 1763 433 1831; x_wconf 82' lang='lat' dir='ltr'>objicit,</span> <span class='ocrx_word' id='word_1_81' title='bbox 443 1762 511 1832; x_wconf 86' lang='lat' dir='ltr'>apud</span> <span class='ocrx_word' id='word_1_82' title='bbox 520 1760 670 1830; x_wconf 87' lang='lat' dir='ltr'>Catullum,</span> 
     </span>
     <span class='ocr_line' id='line_1_15' title="bbox 165 1841 382 1907; baseline -0.018 -10"><span class='ocrx_word' id='word_1_83' title='bbox 165 1841 301 1907; x_wconf 68' lang='lat' dir='ltr'>lhiadne,</span> <span class='ocrx_word' id='word_1_84' title='bbox 321 1841 382 1893; x_wconf 79' lang='lat'>180:</span> 
     </span>
    </p>

    <p class='ocr_par' dir='ltr' id='par_1_5' title="bbox 163 1929 671 2052">
     <span class='ocr_line' id='line_1_16' title="bbox 164 1929 671 1982; baseline 0 -14"><span class='ocrx_word' id='word_1_85' title='bbox 164 1931 198 1968; x_wconf 86' lang='grc' dir='ltr'>Λιι</span> <span class='ocrx_word' id='word_1_86' title='bbox 202 1931 261 1980; x_wconf 76' lang='lat' dir='ltr'>petris</span> <span class='ocrx_word' id='word_1_87' title='bbox 267 1929 451 1981; x_wconf 77' lang='lat' dir='ltr'>auxiliumparen,</span> <span class='ocrx_word' id='word_1_88' title='bbox 459 1930 587 1981; x_wconf 78' lang='lat' dir='ltr'>quemneipm</span> <span class='ocrx_word' id='word_1_89' title='bbox 592 1929 671 1982; x_wconf 81' lang='lat' dir='ltr'>reliqui,</span> 
     </span>
     <span class='ocr_line' id='line_1_17' title="bbox 163 2000 620 2052; baseline -0.002 -12"><span class='ocrx_word' id='word_1_90' title='bbox 163 2003 281 2052; x_wconf 56' lang='lat' dir='ltr'>Responsum</span> <span class='ocrx_word' id='word_1_91' title='bbox 291 2001 383 2050; x_wconf 73' lang='lat' dir='ltr'>juvenem</span> <span class='ocrx_word' id='word_1_92' title='bbox 392 2000 477 2040; x_wconf 68' lang='lat' dir='ltr'>tntum</span> <span class='ocrx_word' id='word_1_93' title='bbox 484 2000 620 2041; x_wconf 57' lang='lat' dir='ltr'>manunt</span> 
     </span>
    </p>

    <p class='ocr_par' dir='ltr' id='par_1_6' title="bbox 163 2073 670 2528">
     <span class='ocr_line' id='line_1_18' title="bbox 195 2073 668 2141; baseline 0.004 -15"><span class='ocrx_word' id='word_1_94' title='bbox 195 2074 235 2127; x_wconf 78' lang='grc'>65.</span> <span class='ocrx_word' id='word_1_95' title='bbox 247 2076 354 2128; x_wconf 80' lang='lat' dir='ltr'>Pacata.</span> <span class='ocrx_word' id='word_1_96' title='bbox 364 2076 474 2126; x_wconf 78' lang='lat' dir='ltr'>Placala</span> <span class='ocrx_word' id='word_1_97' title='bbox 485 2073 668 2141; x_wconf 67' lang='lat' dir='ltr'>lovaniensis,</span> 
     </span>
     <span class='ocr_line' id='line_1_19' title="bbox 163 2149 668 2219; baseline -0.004 -15"><span class='ocrx_word' id='word_1_98' title='bbox 163 2151 274 2204; x_wconf 78' lang='lat' dir='ltr'>solemni</span> <span class='ocrx_word' id='word_1_99' title='bbox 295 2150 486 2219; x_wconf 74' lang='lat' dir='ltr'>permutatione</span> <span class='ocrx_word' id='word_1_100' title='bbox 504 2170 511 2205; x_wconf 89' lang='lat'><strong>:</strong></span> <span class='ocrx_word' id='word_1_101' title='bbox 529 2149 581 2203; x_wconf 78' lang='lat' dir='ltr'>vid.</span> <span class='ocrx_word' id='word_1_102' title='bbox 600 2167 668 2216; x_wconf 76' lang='lat'>1111,</span> 
     </span>
     <span class='ocr_line' id='line_1_20' title="bbox 165 2227 670 2298; baseline 0.002 -18"><span class='ocrx_word' id='word_1_103' title='bbox 165 2229 275 2282; x_wconf 87' lang='lat' dir='ltr'>Metam.</span> <span class='ocrx_word' id='word_1_104' title='bbox 287 2231 350 2295; x_wconf 70' lang='lat'>4403</span> <span class='ocrx_word' id='word_1_105' title='bbox 362 2237 390 2281; x_wconf 94' lang='lat' dir='ltr'>et</span> <span class='ocrx_word' id='word_1_106' title='bbox 399 2245 444 2294; x_wconf 72' lang='grc' dir='ltr'>ιν,</span> <span class='ocrx_word' id='word_1_107' title='bbox 453 2228 514 2298; x_wconf 76' lang='lat'>723,</span> <span class='ocrx_word' id='word_1_108' title='bbox 526 2228 570 2281; x_wconf 86' lang='lat' dir='ltr'>ubi</span> <span class='ocrx_word' id='word_1_109' title='bbox 581 2227 670 2281; x_wconf 84' lang='lat' dir='ltr'>similis</span> 
     </span>
     <span class='ocr_line' id='line_1_21' title="bbox 165 2304 669 2375; baseline 0.004 -20"><span class='ocrx_word' id='word_1_110' title='bbox 165 2305 305 2358; x_wconf 78' lang='lat' dir='ltr'>diversitas.</span> <span class='ocrx_word' id='word_1_111' title='bbox 323 2308 462 2357; x_wconf 80' lang='lat' dir='ltr'>Labivero</span> <span class='ocrx_word' id='word_1_112' title='bbox 477 2304 610 2373; x_wconf 76' lang='lat' dir='ltr'>eleganter</span> <span class='ocrx_word' id='word_1_113' title='bbox 621 2323 669 2375; x_wconf 91' lang='lat' dir='ltr'>pro</span> 
     </span>
     <span class='ocr_line' id='line_1_22' title="bbox 163 2380 668 2450; baseline 0.002 -16"><span class='ocrx_word' id='word_1_114' title='bbox 163 2387 280 2449; x_wconf 52' lang='lat' dir='ltr'>navigare</span> <span class='ocrx_word' id='word_1_115' title='bbox 289 2381 367 2450; x_wconf 86' lang='lat' dir='ltr'>poni,</span> <span class='ocrx_word' id='word_1_116' title='bbox 378 2380 466 2434; x_wconf 89' lang='lat' dir='ltr'>docuit</span> <span class='ocrx_word' id='word_1_117' title='bbox 475 2381 668 2450; x_wconf 86' lang='lat' dir='ltr'>Broukhusius,</span> 
     </span>
     <span class='ocr_line' id='line_1_23' title="bbox 164 2457 669 2528; baseline 0.002 -17"><span class='ocrx_word' id='word_1_118' title='bbox 164 2459 195 2511; x_wconf 87' lang='lat' dir='ltr'>ad</span> <span class='ocrx_word' id='word_1_119' title='bbox 204 2460 369 2528; x_wconf 76' lang='lat' dir='ltr'>Propertii,</span> <span class='ocrx_word' id='word_1_120' title='bbox 384 2457 669 2528; x_wconf 80' lang='lat' dir='ltr'>Eleg.xx,18.Bunrr.</span> 
     </span>
    </p>

    <p class='ocr_par' dir='ltr' id='par_1_7' title="bbox 160 2536 670 2979">
     <span class='ocr_line' id='line_1_24' title="bbox 195 2536 669 2604; baseline 0.004 -15"><span class='ocrx_word' id='word_1_121' title='bbox 195 2536 236 2589; x_wconf 74' lang='lat'>56.</span> <span class='ocrx_word' id='word_1_122' title='bbox 251 2539 379 2604; x_wconf 76' lang='lat' dir='ltr'>Temperet</span> <span class='ocrx_word' id='word_1_123' title='bbox 388 2542 418 2588; x_wconf 79' lang='lat' dir='ltr'>ul</span> <span class='ocrx_word' id='word_1_124' title='bbox 428 2542 517 2589; x_wconf 76' lang='lat' dir='ltr'>oeulos</span> <span class='ocrx_word' id='word_1_125' title='bbox 523 2539 615 2590; x_wconf 80' lang='lat' dir='ltr'>AEolus</span> <span class='ocrx_word' id='word_1_126' title='bbox 621 2547 669 2591; x_wconf 85' lang='lat' dir='ltr'>etc</span> 
     </span>
     <span class='ocr_line' id='line_1_25' title="bbox 163 2613 670 2683; baseline 0.004 -17"><span class='ocrx_word' id='word_1_127' title='bbox 163 2613 230 2677; x_wconf 81' lang='lat' dir='ltr'>Fac,</span> <span class='ocrx_word' id='word_1_128' title='bbox 252 2632 320 2683; x_wconf 88' lang='lat' dir='ltr'>pone</span> <span class='ocrx_word' id='word_1_129' title='bbox 342 2624 436 2668; x_wconf 83' lang='lat' dir='ltr'>ventos</span> <span class='ocrx_word' id='word_1_130' title='bbox 454 2613 546 2666; x_wconf 82' lang='lat' dir='ltr'>AEolus</span> <span class='ocrx_word' id='word_1_131' title='bbox 568 2614 670 2668; x_wconf 89' lang='lat' dir='ltr'>emittat</span> 
     </span>
     <span class='ocr_line' id='line_1_26' title="bbox 163 2691 670 2761; baseline -0.002 -16"><span class='ocrx_word' id='word_1_132' title='bbox 163 2691 310 2759; x_wconf 87' lang='lat' dir='ltr'>secundos,</span> <span class='ocrx_word' id='word_1_133' title='bbox 326 2702 353 2745; x_wconf 86' lang='lat' dir='ltr'>et</span> <span class='ocrx_word' id='word_1_134' title='bbox 370 2701 490 2761; x_wconf 77' lang='lat' dir='ltr'>pacatum</span> <span class='ocrx_word' id='word_1_135' title='bbox 501 2691 567 2745; x_wconf 85' lang='lat' dir='ltr'>nihil</span> <span class='ocrx_word' id='word_1_136' title='bbox 582 2692 670 2744; x_wconf 88' lang='lat' dir='ltr'>turbet</span> 
     </span>
     <span class='ocr_line' id='line_1_27' title="bbox 160 2768 670 2836; baseline -0.002 -14"><span class='ocrx_word' id='word_1_137' title='bbox 160 2788 251 2833; x_wconf 75' lang='lat' dir='ltr'>mare,</span> <span class='ocrx_word' id='word_1_138' title='bbox 266 2786 321 2822; x_wconf 89' lang='lat' dir='ltr'>non</span> <span class='ocrx_word' id='word_1_139' title='bbox 339 2769 398 2821; x_wconf 89' lang='lat' dir='ltr'>ideo</span> <span class='ocrx_word' id='word_1_140' title='bbox 414 2769 502 2822; x_wconf 76' lang='lat' dir='ltr'>minen</span> <span class='ocrx_word' id='word_1_141' title='bbox 520 2768 607 2836; x_wconf 80' lang='lat' dir='ltr'>exsul,</span> <span class='ocrx_word' id='word_1_142' title='bbox 627 2768 670 2822; x_wconf 86' lang='lat' dir='ltr'>cui</span> 
     </span>
     <span class='ocr_line' id='line_1_28' title="bbox 164 2846 670 2916; baseline -0.006 -15"><span class='ocrx_word' id='word_1_143' title='bbox 164 2846 251 2901; x_wconf 90' lang='lat' dir='ltr'>nullus</span> <span class='ocrx_word' id='word_1_144' title='bbox 265 2847 320 2914; x_wconf 78' lang='lat' dir='ltr'>iarn</span> <span class='ocrx_word' id='word_1_145' title='bbox 330 2865 444 2901; x_wconf 77' lang='lat' dir='ltr'>recessus</span> <span class='ocrx_word' id='word_1_146' title='bbox 459 2846 488 2900; x_wconf 87' lang='lat' dir='ltr'>in</span> <span class='ocrx_word' id='word_1_147' title='bbox 505 2857 603 2899; x_wconf 88' lang='lat' dir='ltr'>terram</span> <span class='ocrx_word' id='word_1_148' title='bbox 617 2864 670 2916; x_wconf 84' lang='lat' dir='ltr'>po-</span> 
     </span>
     <span class='ocr_line' id='line_1_29' title="bbox 164 2936 273 2979; baseline -0.009 -1"><span class='ocrx_word' id='word_1_149' title='bbox 164 2936 273 2979; x_wconf 82' lang='lat' dir='ltr'>tornarn</span> 
     </span>
    </p>

    <p class='ocr_par' dir='ltr' id='par_1_8' title="bbox 163 3000 671 3230">
     <span class='ocr_line' id='line_1_30' title="bbox 195 3000 668 3075; baseline -0.004 -19"><span class='ocrx_word' id='word_1_150' title='bbox 195 3002 496 3075; x_wconf 70' lang='lat' dir='ltr'>67.1)1·5esta.1)1·sjecta,</span> <span class='ocrx_word' id='word_1_151' title='bbox 506 3002 524 3054; x_wconf 89' lang='lat' dir='ltr'>J</span> <span class='ocrx_word' id='word_1_152' title='bbox 526 3001 580 3054; x_wconf 88' lang='lat' dir='ltr'>unii</span> <span class='ocrx_word' id='word_1_153' title='bbox 587 3000 668 3066; x_wconf 83' lang='lat' dir='ltr'>liber;</span> 
     </span>
     <span class='ocr_line' id='line_1_31' title="bbox 165 3078 669 3149; baseline -0.004 -16"><span class='ocrx_word' id='word_1_154' title='bbox 165 3080 235 3133; x_wconf 91' lang='lat' dir='ltr'>unde</span> <span class='ocrx_word' id='word_1_155' title='bbox 247 3081 311 3146; x_wconf 84' lang='lat' dir='ltr'>luit,</span> <span class='ocrx_word' id='word_1_156' title='bbox 325 3089 355 3132; x_wconf 92' lang='lat' dir='ltr'>ut</span> <span class='ocrx_word' id='word_1_157' title='bbox 363 3083 475 3149; x_wconf 77' lang='lat' dir='ltr'>dissepta</span> <span class='ocrx_word' id='word_1_158' title='bbox 486 3080 614 3149; x_wconf 70' lang='lat' dir='ltr'>legerem</span> <span class='ocrx_word' id='word_1_159' title='bbox 622 3078 669 3132; x_wconf 88' lang='lat' dir='ltr'>sed</span> 
     </span>
     <span class='ocr_line' id='line_1_32' title="bbox 163 3157 671 3230; baseline -0.002 -17"><span class='ocrx_word' id='word_1_160' title='bbox 163 3159 265 3230; x_wconf 70' lang='lat' dir='ltr'>vulgata</span> <span class='ocrx_word' id='word_1_161' title='bbox 276 3169 346 3214; x_wconf 87' lang='lat' dir='ltr'>recte</span> <span class='ocrx_word' id='word_1_162' title='bbox 356 3179 383 3212; x_wconf 90' lang='lat' dir='ltr'>se</span> <span class='ocrx_word' id='word_1_163' title='bbox 396 3158 482 3212; x_wconf 86' lang='lat' dir='ltr'>babet.</span> <span class='ocrx_word' id='word_1_164' title='bbox 493 3157 541 3226; x_wconf 87' lang='lat' dir='ltr'>Ep.</span> <span class='ocrx_word' id='word_1_165' title='bbox 552 3174 595 3223; x_wconf 86' lang='lat' dir='ltr'>rx,</span> <span class='ocrx_word' id='word_1_166' title='bbox 606 3158 655 3229; x_wconf 77' lang='lat'>93:</span> <span class='ocrx_word' id='word_1_167' title='bbox 668 3196 671 3200; x_wconf 19' lang='grc' dir='ltr'><strong>Δ</strong></span> 
     </span>
    </p>
   </div>
   <div class='ocr_carea' id='block_1_5' title="bbox 164 3247 671 3844">
    <p class='ocr_par' dir='ltr' id='par_1_9' title="bbox 164 3247 627 3300">
     <span class='ocr_line' id='line_1_33' title="bbox 164 3247 627 3300; baseline -0.011 -12"><span class='ocrx_word' id='word_1_168' title='bbox 164 3248 226 3300; x_wconf 77' lang='lat' dir='ltr'>loque</span> <span class='ocrx_word' id='word_1_169' title='bbox 233 3261 289 3288; x_wconf 76' lang='lat' dir='ltr'>onnes</span> <span class='ocrx_word' id='word_1_170' title='bbox 297 3249 456 3288; x_wconf 79' lang='lat' dir='ltr'>totidem-trunco</span> <span class='ocrx_word' id='word_1_171' title='bbox 464 3248 550 3299; x_wconf 69' lang='lat' dir='ltr'>digestus</span> <span class='ocrx_word' id='word_1_172' title='bbox 556 3247 580 3285; x_wconf 82' lang='lat' dir='ltr'>ah</span> <span class='ocrx_word' id='word_1_173' title='bbox 588 3259 627 3285; x_wconf 83' lang='lat' dir='ltr'>uno</span> 
     </span>
    </p>

    <p class='ocr_par' dir='ltr' id='par_1_10' title="bbox 186 3321 286 3361">
     <span class='ocr_line' id='line_1_34' title="bbox 186 3321 286 3361; baseline -0.02 0"><span class='ocrx_word' id='word_1_174' title='bbox 186 3321 286 3361; x_wconf 59' lang='lat' dir='ltr'>murus.</span> 
     </span>
    </p>

    <p class='ocr_par' dir='ltr' id='par_1_11' title="bbox 164 3393 671 3844">
     <span class='ocr_line' id='line_1_35' title="bbox 194 3393 670 3465; baseline -0.004 -18"><span class='ocrx_word' id='word_1_175' title='bbox 194 3393 670 3465; x_wconf 50' lang='lat' dir='ltr'>tedanpatereetettusffluteanem</span> 
     </span>
     <span class='ocr_line' id='line_1_36' title="bbox 165 3469 671 3536; baseline 0.002 -14"><span class='ocrx_word' id='word_1_176' title='bbox 165 3487 193 3522; x_wconf 84' lang='lat' dir='ltr'>ac</span> <span class='ocrx_word' id='word_1_177' title='bbox 205 3470 270 3524; x_wconf 86' lang='lat' dir='ltr'>alter</span> <span class='ocrx_word' id='word_1_178' title='bbox 276 3469 375 3523; x_wconf 90' lang='lat' dir='ltr'>Moreti</span> <span class='ocrx_word' id='word_1_179' title='bbox 385 3508 392 3535; x_wconf 87' lang='lat'>‚</span> <span class='ocrx_word' id='word_1_180' title='bbox 407 3475 519 3536; x_wconf 75' lang='lat' dir='ltr'>atpater</span> <span class='ocrx_word' id='word_1_181' title='bbox 528 3489 536 3521; x_wconf 89' lang='lat'>.·</span> <span class='ocrx_word' id='word_1_182' title='bbox 545 3469 671 3523; x_wconf 83' lang='lat' dir='ltr'>vetustior</span> 
     </span>
     <span class='ocr_line' id='line_1_37' title="bbox 164 3547 670 3616; baseline 0 -17"><span class='ocrx_word' id='word_1_183' title='bbox 164 3547 282 3616; x_wconf 85' lang='lat' dir='ltr'>ejusdem</span> <span class='ocrx_word' id='word_1_184' title='bbox 304 3551 452 3615; x_wconf 75' lang='lat' dir='ltr'>Etpaler:</span> <span class='ocrx_word' id='word_1_185' title='bbox 470 3547 558 3616; x_wconf 86' lang='lat' dir='ltr'>probe.</span> <span class='ocrx_word' id='word_1_186' title='bbox 570 3547 670 3602; x_wconf 77' lang='lat' dir='ltr'>Httntt.</span> 
     </span>
     <span class='ocr_line' id='line_1_38' title="bbox 164 3625 670 3679; baseline 0.004 -4"><span class='ocrx_word' id='word_1_187' title='bbox 164 3625 272 3677; x_wconf 71' lang='lat' dir='ltr'>Parente</span> <span class='ocrx_word' id='word_1_188' title='bbox 284 3625 363 3679; x_wconf 88' lang='lat' dir='ltr'>etiam</span> <span class='ocrx_word' id='word_1_189' title='bbox 384 3627 532 3679; x_wconf 88' lang='lat' dir='ltr'>Puteaneus</span> <span class='ocrx_word' id='word_1_190' title='bbox 555 3643 570 3675; x_wconf 86' lang='lat' dir='ltr'>a</span> <span class='ocrx_word' id='word_1_191' title='bbox 588 3643 670 3677; x_wconf 80' lang='lat' dir='ltr'>manu</span> 
     </span>
     <span class='ocr_line' id='line_1_39' title="bbox 164 3700 670 3770; baseline 0.002 -18"><span class='ocrx_word' id='word_1_192' title='bbox 164 3700 277 3755; x_wconf 88' lang='lat' dir='ltr'>secunda</span> <span class='ocrx_word' id='word_1_193' title='bbox 293 3713 319 3756; x_wconf 87' lang='lat' dir='ltr'>et</span> <span class='ocrx_word' id='word_1_194' title='bbox 336 3702 452 3770; x_wconf 87' lang='lat' dir='ltr'>quinque</span> <span class='ocrx_word' id='word_1_195' title='bbox 466 3701 508 3754; x_wconf 89' lang='lat' dir='ltr'>alii</span> <span class='ocrx_word' id='word_1_196' title='bbox 520 3721 526 3754; x_wconf 92' lang='lat'>:</span> <span class='ocrx_word' id='word_1_197' title='bbox 538 3701 576 3754; x_wconf 90' lang='lat' dir='ltr'>uil</span> <span class='ocrx_word' id='word_1_198' title='bbox 586 3712 670 3756; x_wconf 88' lang='lat' dir='ltr'>muto.</span> 
     </span>
     <span class='ocr_line' id='line_1_40' title="bbox 166 3779 499 3844; baseline 0 -12"><span class='ocrx_word' id='word_1_199' title='bbox 166 3779 258 3832; x_wconf 86' lang='lat' dir='ltr'>Horat.</span> <span class='ocrx_word' id='word_1_200' title='bbox 270 3796 308 3842; x_wconf 89' lang='lat'>11,</span> <span class='ocrx_word' id='word_1_201' title='bbox 326 3779 438 3844; x_wconf 73' lang='lat' dir='ltr'>Od.V1;</span> <span class='ocrx_word' id='word_1_202' title='bbox 454 3798 499 3832; x_wconf 89' lang='lat' dir='ltr'>rr:</span> 
     </span>
    </p>
   </div>
   <div class='ocr_carea' id='block_1_6' title="bbox 275 3869 601 3982">
    <p class='ocr_par' dir='ltr' id='par_1_12' title="bbox 275 3869 601 3982">
     <span class='ocr_line' id='line_1_41' title="bbox 275 3869 572 3920; baseline 0 -14"><span class='ocrx_word' id='word_1_203' title='bbox 275 3893 298 3907; x_wconf 81' lang='lat'>...</span> <span class='ocrx_word' id='word_1_204' title='bbox 309 3870 335 3908; x_wconf 74' lang='lat' dir='ltr'>lt</span> <span class='ocrx_word' id='word_1_205' title='bbox 341 3877 418 3920; x_wconf 65' lang='lat' dir='ltr'>regente</span> <span class='ocrx_word' id='word_1_206' title='bbox 427 3878 490 3920; x_wconf 71' lang='lat' dir='ltr'>petum</span> <span class='ocrx_word' id='word_1_207' title='bbox 498 3869 572 3909; x_wconf 70' lang='lat' dir='ltr'>tatoni</span> 
     </span>
     <span class='ocr_line' id='line_1_42' title="bbox 312 3941 601 3982; baseline 0.003 -3"><span class='ocrx_word' id='word_1_208' title='bbox 312 3941 366 3979; x_wconf 74' lang='lat' dir='ltr'>trun</span> <span class='ocrx_word' id='word_1_209' title='bbox 374 3941 474 3982; x_wconf 68' lang='lat' dir='ltr'>Phanaeo.</span> <span class='ocrx_word' id='word_1_210' title='bbox 527 3943 601 3981; x_wconf 76' lang='grc' dir='ltr'><strong>Βυιιι.</strong></span> 
     </span>
    </p>
   </div>
   <div class='ocr_carea' id='block_1_7' title="bbox 527 3321 606 3359">
    <p class='ocr_par' dir='ltr' id='par_1_13' title="bbox 527 3321 606 3359">
     <span class='ocr_line' id='line_1_43' title="bbox 527 3321 606 3359; baseline 0 -2"><span class='ocrx_word' id='word_1_211' title='bbox 527 3321 606 3359; x_wconf 75' lang='lat' dir='ltr'>Herus.</span> 
     </span>
    </p>
   </div>
   <div class='ocr_carea' id='block_1_8' title="bbox 714 1683 1255 4004">
    <p class='ocr_par' dir='ltr' id='par_1_14' title="bbox 717 1683 1228 1972">
     <span class='ocr_line' id='line_1_44' title="bbox 751 1683 1228 1755; baseline 0.004 -17"><span class='ocrx_word' id='word_1_212' title='bbox 751 1702 790 1755; x_wconf 83' lang='lat'>70.</span> <span class='ocrx_word' id='word_1_213' title='bbox 802 1687 890 1738; x_wconf 71' lang='lat' dir='ltr'>Facto.</span> <span class='ocrx_word' id='word_1_214' title='bbox 897 1687 979 1737; x_wconf 74' lang='lat' dir='ltr'>Facto</span> <span class='ocrx_word' id='word_1_215' title='bbox 988 1683 1129 1738; x_wconf 82' lang='lat' dir='ltr'>Vossianus</span> <span class='ocrx_word' id='word_1_216' title='bbox 1140 1703 1147 1735; x_wconf 75' lang='grc' dir='ltr'><strong>ε</strong></span> <span class='ocrx_word' id='word_1_217' title='bbox 1158 1687 1228 1740; x_wconf 83' lang='lat' dir='ltr'>sorte</span> 
     </span>
     <span class='ocr_line' id='line_1_45' title="bbox 718 1761 1227 1832; baseline 0.002 -16"><span class='ocrx_word' id='word_1_218' title='bbox 718 1761 1227 1832; x_wconf 77' lang='lat' dir='ltr'>recte;pacto,sivenuptiiscum&#39;l&#39;lreseo</span> 
     </span>
     <span class='ocr_line' id='line_1_46' title="bbox 717 1839 1228 1914; baseline 0.002 -22"><span class='ocrx_word' id='word_1_219' title='bbox 717 1840 787 1894; x_wconf 88' lang='lat' dir='ltr'>initis</span> <span class='ocrx_word' id='word_1_220' title='bbox 796 1839 862 1892; x_wconf 72' lang='lat' dir='ltr'>trid.</span> <span class='ocrx_word' id='word_1_221' title='bbox 873 1841 934 1892; x_wconf 88' lang='lat' dir='ltr'>insr.</span> <span class='ocrx_word' id='word_1_222' title='bbox 944 1857 973 1907; x_wconf 85' lang='lat' dir='ltr'>v,</span> <span class='ocrx_word' id='word_1_223' title='bbox 985 1860 1024 1914; x_wconf 76' lang='lat'>9²·</span> <span class='ocrx_word' id='word_1_224' title='bbox 1034 1842 1228 1908; x_wconf 55' lang='lat' dir='ltr'>donintona,</span> 
     </span>
     <span class='ocr_line' id='line_1_47' title="bbox 719 1915 1158 1972; baseline -0.005 0"><span class='ocrx_word' id='word_1_225' title='bbox 719 1917 798 1972; x_wconf 88' lang='lat' dir='ltr'>etiam</span> <span class='ocrx_word' id='word_1_226' title='bbox 810 1917 1042 1972; x_wconf 71' lang='lat' dir='ltr'>Francosurtensis</span> <span class='ocrx_word' id='word_1_227' title='bbox 1059 1915 1158 1972; x_wconf 79' lang='lat' dir='ltr'>Buntr.</span> 
     </span>
    </p>

    <p class='ocr_par' dir='ltr' id='par_1_15' title="bbox 714 1998 1233 3540">
     <span class='ocr_line' id='line_1_48' title="bbox 751 1998 1227 2063; baseline 0.004 -15"><span class='ocrx_word' id='word_1_228' title='bbox 751 2015 790 2063; x_wconf 83' lang='lat'>7¹·</span> <span class='ocrx_word' id='word_1_229' title='bbox 810 1998 850 2048; x_wconf 85' lang='lat' dir='ltr'>Ne</span> <span class='ocrx_word' id='word_1_230' title='bbox 867 1999 951 2048; x_wconf 78' lang='lat' dir='ltr'>ue&#39;ctor</span> <span class='ocrx_word' id='word_1_231' title='bbox 965 2001 1032 2048; x_wconf 80' lang='lat' dir='ltr'>tecto</span> <span class='ocrx_word' id='word_1_232' title='bbox 1048 2013 1168 2048; x_wconf 72' lang='lat' dir='ltr'>mntem</span> <span class='ocrx_word' id='word_1_233' title='bbox 1185 2016 1227 2050; x_wconf 76' lang='lat' dir='ltr'>m-</span> 
     </span>
     <span class='ocr_line' id='line_1_49' title="bbox 716 2071 1227 2145; baseline 0.008 -21"><span class='ocrx_word' id='word_1_234' title='bbox 716 2090 797 2126; x_wconf 76' lang='lat' dir='ltr'>emo.</span> <span class='ocrx_word' id='word_1_235' title='bbox 813 2071 1006 2145; x_wconf 81' lang='lat' dir='ltr'>Labyrintbum</span> <span class='ocrx_word' id='word_1_236' title='bbox 1027 2072 1131 2127; x_wconf 80' lang='lat' dir='ltr'>indicat</span> <span class='ocrx_word' id='word_1_237' title='bbox 1148 2073 1227 2144; x_wconf 83' lang='lat' dir='ltr'>Qua-</span> 
     </span>
     <span class='ocr_line' id='line_1_50' title="bbox 717 2149 1226 2221; baseline 0.01 -20"><span class='ocrx_word' id='word_1_238' title='bbox 717 2150 901 2219; x_wconf 70' lang='lat' dir='ltr'>tuorhujusee</span> <span class='ocrx_word' id='word_1_239' title='bbox 909 2151 981 2202; x_wconf 88' lang='lat' dir='ltr'>modi</span> <span class='ocrx_word' id='word_1_240' title='bbox 990 2149 1098 2205; x_wconf 70' lang='lat' dir='ltr'>edificia</span> <span class='ocrx_word' id='word_1_241' title='bbox 1107 2150 1226 2221; x_wconf 73' lang='lat' dir='ltr'>apudre-</span> 
     </span>
     <span class='ocr_line' id='line_1_51' title="bbox 717 2227 1224 2300; baseline 0.006 -21"><span class='ocrx_word' id='word_1_242' title='bbox 717 2236 785 2281; x_wconf 90' lang='lat' dir='ltr'>teres</span> <span class='ocrx_word' id='word_1_243' title='bbox 806 2228 997 2281; x_wconf 84' lang='lat' dir='ltr'>celebrantur:</span> <span class='ocrx_word' id='word_1_244' title='bbox 1017 2227 1224 2300; x_wconf 72' lang='lat' dir='ltr'>AEpyptiacttm,</span> 
     </span>
     <span class='ocr_line' id='line_1_52' title="bbox 719 2302 1227 2372; baseline 0.01 -16"><span class='ocrx_word' id='word_1_245' title='bbox 719 2302 864 2372; x_wconf 85' lang='lat' dir='ltr'>Cretense,</span> <span class='ocrx_word' id='word_1_246' title='bbox 877 2304 1049 2357; x_wconf 71' lang='lat' dir='ltr'>lemniacum</span> <span class='ocrx_word' id='word_1_247' title='bbox 1060 2316 1087 2358; x_wconf 92' lang='lat' dir='ltr'>et</span> <span class='ocrx_word' id='word_1_248' title='bbox 1099 2304 1227 2361; x_wconf 80' lang='lat' dir='ltr'>Italicum.</span> 
     </span>
     <span class='ocr_line' id='line_1_53' title="bbox 719 2380 1226 2454; baseline 0.006 -20"><span class='ocrx_word' id='word_1_249' title='bbox 719 2381 815 2451; x_wconf 77' lang='lat' dir='ltr'>Agitur</span> <span class='ocrx_word' id='word_1_250' title='bbox 829 2381 872 2435; x_wconf 89' lang='lat' dir='ltr'>bic</span> <span class='ocrx_word' id='word_1_251' title='bbox 883 2381 916 2435; x_wconf 87' lang='lat' dir='ltr'>de</span> <span class='ocrx_word' id='word_1_252' title='bbox 930 2380 1052 2435; x_wconf 87' lang='lat' dir='ltr'>Cretensi</span> <span class='ocrx_word' id='word_1_253' title='bbox 1060 2382 1226 2454; x_wconf 74' lang='lat' dir='ltr'>labyrintho,</span> 
     </span>
     <span class='ocr_line' id='line_1_54' title="bbox 718 2457 1229 2527; baseline 0.008 -17"><span class='ocrx_word' id='word_1_254' title='bbox 718 2459 763 2526; x_wconf 90' lang='lat' dir='ltr'>qui</span> <span class='ocrx_word' id='word_1_255' title='bbox 772 2458 837 2512; x_wconf 87' lang='lat' dir='ltr'>nibil</span> <span class='ocrx_word' id='word_1_256' title='bbox 849 2457 917 2512; x_wconf 84' lang='lat' dir='ltr'>aliud</span> <span class='ocrx_word' id='word_1_257' title='bbox 927 2497 935 2523; x_wconf 86' lang='lat'>,</span> <span class='ocrx_word' id='word_1_258' title='bbox 952 2476 1031 2527; x_wconf 84' lang='lat' dir='ltr'>quam</span> <span class='ocrx_word' id='word_1_259' title='bbox 1042 2468 1150 2512; x_wconf 71' lang='lat' dir='ltr'>anuum</span> <span class='ocrx_word' id='word_1_260' title='bbox 1158 2459 1229 2514; x_wconf 80' lang='lat' dir='ltr'>nati-</span> 
     </span>
     <span class='ocr_line' id='line_1_55' title="bbox 717 2534 1229 2606; baseline 0.006 -17"><span class='ocrx_word' id='word_1_261' title='bbox 717 2556 780 2589; x_wconf 85' lang='lat' dir='ltr'>vum</span> <span class='ocrx_word' id='word_1_262' title='bbox 806 2556 886 2606; x_wconf 80' lang='lat' dir='ltr'>prope</span> <span class='ocrx_word' id='word_1_263' title='bbox 912 2534 1061 2602; x_wconf 82' lang='lat' dir='ltr'>Cnossum,</span> <span class='ocrx_word' id='word_1_264' title='bbox 1082 2547 1109 2589; x_wconf 86' lang='lat' dir='ltr'>et</span> <span class='ocrx_word' id='word_1_265' title='bbox 1124 2547 1229 2592; x_wconf 73' lang='lat' dir='ltr'>messes</span> 
     </span>
     <span class='ocr_line' id='line_1_56' title="bbox 716 2613 1230 2680; baseline 0.002 -13"><span class='ocrx_word' id='word_1_266' title='bbox 716 2614 895 2680; x_wconf 84' lang='lat' dir='ltr'>subterranei,</span> <span class='ocrx_word' id='word_1_267' title='bbox 921 2632 983 2665; x_wconf 81' lang='lat' dir='ltr'>mox</span> <span class='ocrx_word' id='word_1_268' title='bbox 1005 2631 1087 2665; x_wconf 88' lang='lat' dir='ltr'>manu</span> <span class='ocrx_word' id='word_1_269' title='bbox 1108 2613 1230 2670; x_wconf 72' lang='lat' dir='ltr'>mmm</span> 
     </span>
     <span class='ocr_line' id='line_1_57' title="bbox 717 2689 1232 2759; baseline 0.004 -15"><span class='ocrx_word' id='word_1_270' title='bbox 717 2689 1232 2759; x_wconf 74' lang='lat' dir='ltr'>elaborati,religionisorteconsecrati...¹</span> 
     </span>
     <span class='ocr_line' id='line_1_58' title="bbox 718 2766 1233 2837; baseline -0.008 -15"><span class='ocrx_word' id='word_1_271' title='bbox 718 2767 795 2823; x_wconf 86' lang='lat' dir='ltr'>Nulla</span> <span class='ocrx_word' id='word_1_272' title='bbox 806 2767 862 2834; x_wconf 77' lang='lat' dir='ltr'>eius</span> <span class='ocrx_word' id='word_1_273' title='bbox 874 2766 980 2835; x_wconf 80' lang='lat' dir='ltr'>vestigia</span> <span class='ocrx_word' id='word_1_274' title='bbox 991 2775 1145 2833; x_wconf 84' lang='lat' dir='ltr'>supererant</span> <span class='ocrx_word' id='word_1_275' title='bbox 1154 2806 1162 2834; x_wconf 91' lang='lat'><strong>‚</strong></span> <span class='ocrx_word' id='word_1_276' title='bbox 1171 2769 1233 2837; x_wconf 80' lang='lat' dir='ltr'>jam</span> 
     </span>
     <span class='ocr_line' id='line_1_59' title="bbox 717 2843 1230 2911; baseline -0.004 -13"><span class='ocrx_word' id='word_1_277' title='bbox 717 2843 828 2898; x_wconf 81' lang='lat' dir='ltr'>Diodori</span> <span class='ocrx_word' id='word_1_278' title='bbox 847 2843 927 2897; x_wconf 79' lang='lat' dir='ltr'>Siculi</span> <span class='ocrx_word' id='word_1_279' title='bbox 950 2853 1040 2910; x_wconf 57' lang='grc' dir='ltr'><strong>εἰπε,</strong></span> <span class='ocrx_word' id='word_1_280' title='bbox 1063 2861 1091 2911; x_wconf 89' lang='lat'>1,</span> <span class='ocrx_word' id='word_1_281' title='bbox 1108 2843 1160 2909; x_wconf 70' lang='grc' dir='ltr'>ὄις</span> <span class='ocrx_word' id='word_1_282' title='bbox 1180 2867 1230 2902; x_wconf 78' lang='lat' dir='ltr'>seu</span> 
     </span>
     <span class='ocr_line' id='line_1_60' title="bbox 717 2922 1229 2991; baseline 0.01 -15"><span class='ocrx_word' id='word_1_283' title='bbox 717 2922 856 2976; x_wconf 87' lang='lat' dir='ltr'>bominum</span> <span class='ocrx_word' id='word_1_284' title='bbox 865 2939 959 2991; x_wconf 90' lang='lat' dir='ltr'>opera,</span> <span class='ocrx_word' id='word_1_285' title='bbox 972 2941 1018 2974; x_wconf 89' lang='lat' dir='ltr'>seu</span> <span class='ocrx_word' id='word_1_286' title='bbox 1027 2932 1104 2974; x_wconf 70' lang='lat' dir='ltr'>terrm</span> <span class='ocrx_word' id='word_1_287' title='bbox 1110 2925 1229 2981; x_wconf 74' lang='lat' dir='ltr'>motibm</span> 
     </span>
     <span class='ocr_line' id='line_1_61' title="bbox 717 3000 1229 3063; baseline 0.004 -7"><span class='ocrx_word' id='word_1_288' title='bbox 717 3013 743 3056; x_wconf 90' lang='lat' dir='ltr'>et</span> <span class='ocrx_word' id='word_1_289' title='bbox 754 3001 836 3054; x_wconf 89' lang='lat' dir='ltr'>ruinis</span> <span class='ocrx_word' id='word_1_290' title='bbox 846 3021 853 3063; x_wconf 87' lang='lat'><strong>;</strong></span> <span class='ocrx_word' id='word_1_291' title='bbox 866 3001 914 3054; x_wconf 88' lang='lat' dir='ltr'>etsi</span> <span class='ocrx_word' id='word_1_292' title='bbox 926 3011 1028 3055; x_wconf 86' lang='lat' dir='ltr'>meatus</span> <span class='ocrx_word' id='word_1_293' title='bbox 1036 3009 1063 3054; x_wconf 91' lang='lat' dir='ltr'>et</span> <span class='ocrx_word' id='word_1_294' title='bbox 1071 3000 1229 3058; x_wconf 84' lang='lat' dir='ltr'>canaliculos</span> 
     </span>
     <span class='ocr_line' id='line_1_62' title="bbox 716 3077 1227 3147; baseline 0.002 -14"><span class='ocrx_word' id='word_1_295' title='bbox 716 3080 898 3134; x_wconf 83' lang='lat' dir='ltr'>subterraneos</span> <span class='ocrx_word' id='word_1_296' title='bbox 905 3079 933 3131; x_wconf 83' lang='lat' dir='ltr'>in</span> <span class='ocrx_word' id='word_1_297' title='bbox 944 3077 1024 3132; x_wconf 87' lang='lat' dir='ltr'>Creta</span> <span class='ocrx_word' id='word_1_298' title='bbox 1030 3089 1227 3147; x_wconf 80' lang='lat' dir='ltr'>superessetes·</span> 
     </span>
     <span class='ocr_line' id='line_1_63' title="bbox 716 3156 1225 3227; baseline 0.004 -16"><span class='ocrx_word' id='word_1_299' title='bbox 716 3169 806 3212; x_wconf 90' lang='lat' dir='ltr'>tantur</span> <span class='ocrx_word' id='word_1_300' title='bbox 817 3156 991 3223; x_wconf 81' lang='lat' dir='ltr'>recentiores,</span> <span class='ocrx_word' id='word_1_301' title='bbox 1013 3167 1044 3209; x_wconf 88' lang='lat' dir='ltr'>ut</span> <span class='ocrx_word' id='word_1_302' title='bbox 1066 3157 1225 3227; x_wconf 73' lang='lat' dir='ltr'>Toumsod.</span> 
     </span>
     <span class='ocr_line' id='line_1_64' title="bbox 717 3234 1230 3305; baseline -0.006 -14"><span class='ocrx_word' id='word_1_303' title='bbox 717 3237 758 3291; x_wconf 90' lang='lat' dir='ltr'>De</span> <span class='ocrx_word' id='word_1_304' title='bbox 766 3236 817 3289; x_wconf 89' lang='lat' dir='ltr'>situ</span> <span class='ocrx_word' id='word_1_305' title='bbox 830 3246 919 3288; x_wconf 87' lang='lat' dir='ltr'>tamen</span> <span class='ocrx_word' id='word_1_306' title='bbox 931 3234 1049 3300; x_wconf 83' lang='lat' dir='ltr'>dubites,</span> <span class='ocrx_word' id='word_1_307' title='bbox 1062 3234 1083 3287; x_wconf 90' lang='lat' dir='ltr'>si</span> <span class='ocrx_word' id='word_1_308' title='bbox 1094 3235 1230 3305; x_wconf 81' lang='lat' dir='ltr'>inspectus</span> 
     </span>
     <span class='ocr_line' id='line_1_65' title="bbox 715 3304 1228 3383; baseline -0.004 -15"><span class='ocrx_word' id='word_1_309' title='bbox 715 3315 795 3368; x_wconf 86' lang='lat' dir='ltr'>luerit</span> <span class='ocrx_word' id='word_1_310' title='bbox 808 3313 854 3368; x_wconf 87' lang='lat' dir='ltr'>tibi</span> <span class='ocrx_word' id='word_1_311' title='bbox 864 3315 975 3383; x_wconf 58' lang='lat' dir='ltr'>,laeam</span> <span class='ocrx_word' id='word_1_312' title='bbox 993 3315 1093 3365; x_wconf 69' lang='lat' dir='ltr'>leiim</span> <span class='ocrx_word' id='word_1_313' title='bbox 1107 3331 1154 3365; x_wconf 81' lang='lat' dir='ltr'>sur</span> <span class='ocrx_word' id='word_1_314' title='bbox 1166 3304 1228 3366; x_wconf 67' lang='lat'><em>1‘13-</em></span> 
     </span>
     <span class='ocr_line' id='line_1_66' title="bbox 714 3390 1227 3464; baseline 0 -19"><span class='ocrx_word' id='word_1_315' title='bbox 714 3395 904 3464; x_wconf 71' lang='lat' dir='ltr'>gypleelsnrla</span> <span class='ocrx_word' id='word_1_316' title='bbox 912 3390 1227 3461; x_wconf 61' lang='lat' dir='ltr'>Greceffomuulleyn.</span> 
     </span>
     <span class='ocr_line' id='line_1_67' title="bbox 717 3469 1058 3540; baseline -0.012 -16"><span class='ocrx_word' id='word_1_317' title='bbox 717 3471 750 3524; x_wconf 90' lang='lat' dir='ltr'>ad</span> <span class='ocrx_word' id='word_1_318' title='bbox 764 3469 885 3540; x_wconf 79' lang='lat' dir='ltr'>Apollod</span> <span class='ocrx_word' id='word_1_319' title='bbox 902 3485 953 3534; x_wconf 84' lang='grc' dir='ltr'><strong>ιιι,</strong></span> <span class='ocrx_word' id='word_1_320' title='bbox 969 3487 1024 3537; x_wconf 86' lang='lat' dir='ltr'>cap.</span> <span class='ocrx_word' id='word_1_321' title='bbox 1038 3488 1058 3520; x_wconf 85' lang='lat'>1.</span> 
     </span>
    </p>

    <p class='ocr_par' dir='ltr' id='par_1_16' title="bbox 716 3543 1255 4004">
     <span class='ocr_line' id='line_1_68' title="bbox 751 3543 1229 3619; baseline -0.004 -18"><span class='ocrx_word' id='word_1_322' title='bbox 751 3550 789 3619; x_wconf 83' lang='lat'>73.</span> <span class='ocrx_word' id='word_1_323' title='bbox 804 3551 884 3616; x_wconf 70' lang='lat' dir='ltr'>Quom</span> <span class='ocrx_word' id='word_1_324' title='bbox 893 3549 958 3600; x_wconf 72' lang='lat' dir='ltr'>miti</span> <span class='ocrx_word' id='word_1_325' title='bbox 965 3547 1068 3598; x_wconf 70' lang='lat' dir='ltr'>dr&#39;cetas</span> <span class='ocrx_word' id='word_1_326' title='bbox 1074 3554 1123 3598; x_wconf 78' lang='lat' dir='ltr'>etc</span> <span class='ocrx_word' id='word_1_327' title='bbox 1134 3543 1229 3599; x_wconf 73' lang='lat' dir='ltr'>codex</span> 
     </span>
     <span class='ocr_line' id='line_1_69' title="bbox 720 3621 1228 3693; baseline -0.006 -13"><span class='ocrx_word' id='word_1_328' title='bbox 720 3627 818 3681; x_wconf 69' lang='lat' dir='ltr'>Dousn</span> <span class='ocrx_word' id='word_1_329' title='bbox 830 3625 908 3678; x_wconf 84' lang='lat' dir='ltr'>hicet</span> <span class='ocrx_word' id='word_1_330' title='bbox 919 3622 1028 3677; x_wconf 86' lang='lat' dir='ltr'>disticho</span> <span class='ocrx_word' id='word_1_331' title='bbox 1039 3621 1174 3693; x_wconf 86' lang='lat' dir='ltr'>superiore</span> <span class='ocrx_word' id='word_1_332' title='bbox 1184 3622 1228 3677; x_wconf 83' lang='lat' dir='ltr'>lta·</span> 
     </span>
     <span class='ocr_line' id='line_1_70' title="bbox 716 3702 1255 3757; baseline -0.011 0"><span class='ocrx_word' id='word_1_333' title='bbox 716 3703 761 3757; x_wconf 92' lang='lat' dir='ltr'>bet</span> <span class='ocrx_word' id='word_1_334' title='bbox 773 3709 840 3755; x_wconf 73' lang='lat' dir='ltr'>tanc.</span> <span class='ocrx_word' id='word_1_335' title='bbox 857 3702 936 3753; x_wconf 80' lang='lat' dir='ltr'>Forte</span> <span class='ocrx_word' id='word_1_336' title='bbox 950 3721 956 3754; x_wconf 94' lang='lat'><strong>:</strong></span> <span class='ocrx_word' id='word_1_337' title='bbox 1250 3712 1255 3723; x_wconf 88' lang='grc'>·</span> 
     </span>
     <span class='ocr_line' id='line_1_71' title="bbox 716 3781 1217 3833; baseline -0.008 -9"><span class='ocrx_word' id='word_1_338' title='bbox 716 3787 773 3824; x_wconf 75' lang='lat' dir='ltr'>Tune</span> <span class='ocrx_word' id='word_1_339' title='bbox 781 3783 829 3822; x_wconf 77' lang='lat' dir='ltr'>milri</span> <span class='ocrx_word' id='word_1_340' title='bbox 837 3782 927 3829; x_wconf 67' lang='lat' dir='ltr'>‹tint-a,</span> <span class='ocrx_word' id='word_1_341' title='bbox 938 3796 973 3833; x_wconf 85' lang='lat' dir='ltr'>per</span> <span class='ocrx_word' id='word_1_342' title='bbox 979 3796 1014 3833; x_wconf 64' lang='lat' dir='ltr'>epo</span> <span class='ocrx_word' id='word_1_343' title='bbox 1022 3783 1059 3820; x_wconf 75' lang='lat' dir='ltr'>iste</span> <span class='ocrx_word' id='word_1_344' title='bbox 1067 3781 1154 3832; x_wconf 72' lang='lat' dir='ltr'>pericula</span> <span class='ocrx_word' id='word_1_345' title='bbox 1161 3783 1217 3833; x_wconf 74' lang='lat' dir='ltr'>juo.</span> 
     </span>
     <span class='ocr_line' id='line_1_72' title="bbox 716 3853 1226 3922; baseline -0.004 -14"><span class='ocrx_word' id='word_1_346' title='bbox 716 3859 805 3908; x_wconf 78' lang='lat' dir='ltr'>-lsla</span> <span class='ocrx_word' id='word_1_347' title='bbox 811 3855 888 3909; x_wconf 84' lang='lat' dir='ltr'>babet</span> <span class='ocrx_word' id='word_1_348' title='bbox 898 3855 1089 3909; x_wconf 74' lang='lat' dir='ltr'>Gronovianus</span> <span class='ocrx_word' id='word_1_349' title='bbox 1098 3855 1168 3922; x_wconf 83' lang='lat' dir='ltr'>Scio,</span> <span class='ocrx_word' id='word_1_350' title='bbox 1179 3853 1195 3906; x_wconf 93' lang='lat' dir='ltr'>l.</span> <span class='ocrx_word' id='word_1_351' title='bbox 1202 3869 1226 3921; x_wconf 89' lang='lat' dir='ltr'>t,</span> 
     </span>
     <span class='ocr_line' id='line_1_73' title="bbox 717 3932 1227 4004; baseline -0.006 -17"><span class='ocrx_word' id='word_1_352' title='bbox 717 3934 827 3987; x_wconf 79' lang='lat' dir='ltr'>Metam.</span> <span class='ocrx_word' id='word_1_353' title='bbox 834 3933 895 3999; x_wconf 82' lang='lat'>353,</span> <span class='ocrx_word' id='word_1_354' title='bbox 908 3932 1227 4004; x_wconf 73' lang='lat' dir='ltr'>legi,nunc1‘psepen&#39;cnlae</span> 
     </span>
    </p>
   </div>
   <div class='ocr_carea' id='block_1_9' title="bbox 169 4009 1226 4081">
    <p class='ocr_par' dir='ltr' id='par_1_17' title="bbox 169 4009 1226 4081">
     <span class='ocr_line' id='line_1_74' title="bbox 169 4009 1226 4081; baseline -0.003 -16"><span class='ocrx_word' id='word_1_355' title='bbox 169 4013 202 4066; x_wconf 87' lang='lat' dir='ltr'>Et</span> <span class='ocrx_word' id='word_1_356' title='bbox 213 4011 304 4081; x_wconf 77' lang='lat' dir='ltr'>Virgil.</span> <span class='ocrx_word' id='word_1_357' title='bbox 315 4013 378 4064; x_wconf 86' lang='lat' dir='ltr'>AEn.</span> <span class='ocrx_word' id='word_1_358' title='bbox 388 4030 435 4080; x_wconf 83' lang='grc' dir='ltr'><strong>ιιι,</strong></span> <span class='ocrx_word' id='word_1_359' title='bbox 451 4015 490 4081; x_wconf 83' lang='grc' dir='ltr'><strong>ι3,</strong></span> <span class='ocrx_word' id='word_1_360' title='bbox 506 4016 535 4080; x_wconf 84' lang='lat' dir='ltr'>¹l</span> <span class='ocrx_word' id='word_1_361' title='bbox 550 4034 557 4068; x_wconf 75' lang='grc' dir='ltr'><strong>ι</strong></span> <span class='ocrx_word' id='word_1_362' title='bbox 572 4017 670 4068; x_wconf 77' lang='lat' dir='ltr'>rem...</span> <span class='ocrx_word' id='word_1_363' title='bbox 709 4013 824 4080; x_wconf 70' lang='lat' dir='ltr'>jumne</span> <span class='ocrx_word' id='word_1_364' title='bbox 834 4030 843 4063; x_wconf 88' lang='grc'>.·</span> <span class='ocrx_word' id='word_1_365' title='bbox 854 4010 900 4064; x_wconf 89' lang='lat' dir='ltr'>sed</span> <span class='ocrx_word' id='word_1_366' title='bbox 908 4010 949 4064; x_wconf 86' lang='lat' dir='ltr'>bic</span> <span class='ocrx_word' id='word_1_367' title='bbox 957 4012 1048 4064; x_wconf 85' lang='lat' dir='ltr'>malim</span> <span class='ocrx_word' id='word_1_368' title='bbox 1054 4016 1115 4063; x_wconf 77' lang='lat' dir='ltr'>isla.</span> <span class='ocrx_word' id='word_1_369' title='bbox 1125 4009 1226 4062; x_wconf 78' lang='lat' dir='ltr'>Bou.</span> 
     </span>
    </p>
   </div>
   <div class='ocr_carea' id='block_1_10' title="bbox 126 4092 460 4161">
    <p class='ocr_par' dir='ltr' id='par_1_18' title="bbox 126 4092 460 4161">
     <span class='ocr_line' id='line_1_75' title="bbox 126 4092 460 4161; baseline -0.006 -16"><span class='ocrx_word' id='word_1_370' title='bbox 126 4123 129 4130; x_wconf 94' lang='lat'>·</span> <span class='ocrx_word' id='word_1_371' title='bbox 165 4094 330 4158; x_wconf 71' lang='lat' dir='ltr'>acn&#39;remta</span> <span class='ocrx_word' id='word_1_372' title='bbox 340 4092 460 4161; x_wconf 66' lang='lat' dir='ltr'>Lycurgo.</span> 
     </span>
    </p>
   </div>
   <div class='ocr_carea' id='block_1_11' title="bbox 716 4087 1224 4159">
    <p class='ocr_par' dir='ltr' id='par_1_19' title="bbox 716 4087 1224 4159">
     <span class='ocr_line' id='line_1_76' title="bbox 716 4087 1224 4159; baseline 0 -17"><span class='ocrx_word' id='word_1_373' title='bbox 716 4117 750 4134; x_wconf 87' lang='lat'><em>-</em></span> <span class='ocrx_word' id='word_1_374' title='bbox 766 4089 856 4159; x_wconf 85' lang='lat' dir='ltr'>lpsum</span> <span class='ocrx_word' id='word_1_375' title='bbox 873 4089 944 4158; x_wconf 89' lang='lat' dir='ltr'>quod</span> <span class='ocrx_word' id='word_1_376' title='bbox 960 4089 1044 4144; x_wconf 77' lang='lat' dir='ltr'>adfert</span> <span class='ocrx_word' id='word_1_377' title='bbox 1055 4087 1224 4157; x_wconf 82' lang='lat' dir='ltr'>exemplum,</span> 
     </span>
    </p>
   </div>
   <div class='ocr_carea' id='block_1_12' title="bbox 0 0 1400 4696">
    <p class='ocr_par' dir='ltr' id='par_1_20' title="bbox 0 0 1400 4696">
     <span class='ocr_line' id='line_1_77' title="bbox 0 0 1400 4696; baseline 0 0"><span class='ocrx_word' id='word_1_378' title='bbox 0 0 1400 4696; x_wconf 95' lang='lat' dir='ltr'> </span> 
     </span>
    </p>
   </div>
  </div>
 </body>
</html>
