2790 4696
444 310 686 378 LEANDER
711 309 923 378 HERONI.
1157 309 1220 377 333

160 445 339 547 Quidquid
357 446 436 535 erit,
455 447 582 548 patiar;
601 446 698 524 liceat
712 449 813 523 modo
832 474 954 548 corpus
971 446 1119 522 inauras

209 562 359 651 Tollere,
380 564 470 664 quod
489 564 592 637 dubia
607 592 691 665 saepe
708 564 868 665 pependit
884 582 978 663 aqua.

162 672 311 756 Interea,
332 668 411 742 dum
429 688 547 745 cuncta
563 686 686 764 negant
701 670 856 769 ventique
874 669 1078 769 fretumque,

211 786 325 859 Mente
343 785 433 879 agito
451 784 533 858 surti
550 801 699 886 tempora
715 785 822 886 prima
836 786 911 858 mei.

163 903 239 976 Nor
257 918 328 975 erat
342 900 524 1001 incipiens,
542 928 685 1001 namque
703 916 754 974 est
767 897 958 973 meminisse
975 895 1144 1000 voluptas,
1195 921 1227 973 55

213 1020 328 1116 Quum
344 1019 474 1092 foribus
492 1020 609 1119 patriis
627 1016 821 1115 egrediebar
837 1043 960 1090 amans.

165 1138 234 1209 Nec
251 1162 345 1208 mora
360 1164 367 1206 ε
383 1132 536 1234 deposito
553 1134 679 1233 pariter
695 1160 770 1206 curn
786 1147 876 1203 veste
894 1130 1028 1217 timore,

215 1249 237 1320 J
239 1245 386 1320 actabarn
399 1245 528 1347 liquido
543 1246 680 1321 brachia
694 1245 783 1321 lenta
799 1245 890 1321 mari.

165 1367 260 1439 Luna
278 1364 358 1436 mibi
378 1363 554 1438 tremulum
571 1363 744 1464 prebebat
761 1360 873 1435 lumen
890 1360 1000 1449 eunti,

214 1481 263 1550 Ut
279 1506 389 1552 comes
406 1480 441 1551 in
456 1496 586 1552 nostras
606 1476 754 1552 officiosa
767 1477 846 1550 vias.
1194 1497 1229 1549 oo

168 1595 264 1668 Hanc
281 1620 343 1688 ego
362 1593 569 1693 suspiciens:
587 1628 604 1660 «
620 1594 746 1680 sareas,
764 1593 837 1666 Dea
849 1590 1003 1679 candida,
1021 1590 1106 1678 diri;

215 1712 261 1783 Et
277 1709 419 1782 subeant
432 1709 542 1782 animo
556 1710 683 1782 Latmia
698 1736 775 1782 saxa
791 1726 861 1780 tuo.

168 1825 247 1898 Non
264 1825 350 1898 sinat
366 1824 556 1925 Endymion
572 1842 603 1899 te
621 1824 767 1926 pectoris
783 1851 853 1898 esse
870 1824 993 1896 severi:

217 1940 342 2027 Flecte,
359 1969 493 2041 precor,
509 1940 621 2013 vultus
635 1940 676 2015 ad
693 1968 764 2013 mea
779 1939 867 2012 firrta
883 1955 970 2010 tuos.

168 2061 240 2147 Tu,
259 2060 345 2144 Dea,
363 2055 536 2130 mortalem
554 2055 632 2130 calo
650 2055 782 2156 delapsa
798 2055 946 2155 petebas.
1199 2076 1232 2128 65

218 2175 306 2247 Vera
322 2170 417 2271 loqui
434 2168 530 2243 liccat
544 2201 551 2242 :
567 2199 666 2271 quam
682 2198 820 2270 sequor,
837 2169 908 2269 ipsa
926 2169 997 2242 Dea
1013 2183 1072 2242 est.

169 2360 292 2425 Manilia,
302 2379 355 2429 cap.
364 2377 410 2413 vt:
425 2363 504 2427 Quem
514 2364 621 2414 bustim
630 2381 675 2414 ce-
724 2361 788 2427 atii,
803 2367 901 2415 animos
921 2368 998 2414 lues:
1018 2361 1134 2430 quamvis
1158 2359 1233 2413 enim

164 2438 676 2507 pronorlorgeabssrqubiMSS.ptope
723 2451 865 2509 utrumque
887 2438 1093 2505 remediatur,
1112 2438 1229 2492 usitatius

168 2519 276 2579 adsunt,
289 2515 330 2568 vei
342 2520 435 2570 absint.
447 2517 547 2571 Bottia.
724 2528 812 2571 tamen
831 2538 892 2572 cum
915 2517 1058 2571 accusativo
1075 2516 1137 2570 dicit
1156 2515 1230 2570 Serv.

204 2595 243 2648 53.
263 2597 360 2648 Cuncta
374 2602 474 2663 negant.
490 2598 557 2649 Vota
568 2601 673 2662 negent,
724 2594 757 2649 ad
776 2595 866 2666 virgil.
884 2611 956 2661 vtrt,
980 2593 1087 2648 AEneid.
1113 2597 1167 2650 125.
1187 2593 1231 2649 sie

171 2673 321 2728 Vossianus.
339 2674 438 2727 tinus.
727 2673 818 2745 virgil.
829 2691 864 2740 x,
880 2675 945 2741 824:

204 2754 243 2820 57.
266 2753 371 2804 muare.
382 2754 496 2813 Pedem,
515 2752 676 2807 Basileeusis.
857 2757 944 2796 Μαί*
952 2754 1096 2808 eutitapiemt·
1106 2756 1176 2807 ³³¹⁸&

173 2826 310 2895 Scriverii,
322 2837 471 2898 posiloeum
479 2837 561 2883 merle
568 2833 676 2899 pudore:
725 2830 821 2884 Noster
832 2845 889 2897 vit,
912 2848 972 2899 170:

173 2906 223 2959 vid,
236 2906 268 2960 ad
280 2908 361 2978 Epist,
373 2908 481 2978 pmced,
495 2910 551 2981 ²59·
568 2910 678 2962 [jhm-ii
724 2913 1110 2965 Dissimilemquennimunsabiitffista
1119 2915 1206 2953 relictus.

173 2997 347 3055 corruperunt
357 2985 428 3039 bunc
436 2986 539 3053 locum,
550 2987 609 3055 quia
621 2987 681 3040 vul-
727 2985 782 3039 Liv.
794 3003 842 3053 xa,
856 2987 871 3040 8
883 3003 889 3037 :
900 2989 954 3039 Sed
962 2989 1086 3040 ruterdm
1098 3006 1157 3055 spes
1167 2991 1232 3039 ari-

174 3082 207 3132 go
222 3065 365 3131 jactabatur
376 3063 440 3116 illud
457 3064 678 3137 Pythagoricum,
727 3083 792 3117 mum
800 3068 908 3116 subibat.
920 3064 965 3118 sic
973 3075 1000 3117 et
1011 3066 1038 3118 in
1046 3064 1094 3117 alia
1103 3063 1233 3133 significa-

175 3144 261 3195 Laert.
277 3159 346 3209 vm,
360 3144 405 3209 45,
423 3162 484 3196 curn
499 3145 612 3198 vestibus
624 3161 679 3197 esse
728 3142 816 3209 tione,
830 3161 878 3212 pro
884 3140 1038 3208 succedere,
1051 3143 1149 3194 intrare
1159 3180 1166 3207 ‚
1178 3160 1233 3211 pas·

174 3221 359 3275 verecundiam
378 3222 546 3291 ponendam,
567 3241 680 3290 eumque
727 3219 776 3272 sim
787 3229 894 3272 veteres.
904 3218 1234 3272 Bono-tammam.

175 3299 223 3352 ittis
236 3298 429 3351 resumendam.
441 3301 539 3354 Burri.
729 3316 743 3341 a
755 3296 888 3349 Latinium
899 3304 1019 3348 montem
1032 3294 1166 3364 designat,
1181 3295 1235 3348 En·

208 3379 248 3449 59.
254 3377 682 3443 Lunamrbitremulumlameupre·
729 3376 859 3449 dymionis
871 3396 886 3428 a
896 3375 985 3441 Luna,
999 3376 1144 3441 urserunt,
1166 3375 1235 3430 ada-

175 3458 253 3508 beba!
261 3460 338 3507 eunlr'.
355 3454 513 3521 Lunasere,
532 3455 682 3506 Puteaneus
729 3453 809 3521 mati,
824 3453 909 3507 sabula
921 3453 1044 3507 nobilem.
1057 3475 1070 3498 a
1079 3453 1145 3506 Met.
1155 3470 1182 3521 1,
1198 3475 1235 3524 ¹7·

175 3545 202 3587 et
218 3532 259 3586 atti
272 3532 349 3584 multi
361 3551 368 3584 ι
380 3530 513 3600 quomodo
527 3549 594 3600 sepe
608 3528 681 3584 Ovi-
761 3533 800 3586 53.
813 3535 872 3587 Non
892 3536 956 3584 sr'rrr't
977 3533 1128 3602 Endymion.
1144 3533 1233 3597 duat,

176 3613 241 3666 diua.
258 3612 330 3664 Infra
340 3611 455 3681 Epistola
468 3612 569 3674 Herus,
584 3611 684 3662 Annei!
728 3612 814 3682 prima
824 3610 905 3664 editio
915 3651 923 3677 ,
935 3609 1023 3664 etduo
1031 3610 1118 3680 scripti
1131 3630 1137 3662 ι
1148 3611 1235 3676 beuc;

174 3689 293 3757 illusere.
312 3690 479 3758 honstede,
503 3688 623 3742 Scitote.
643 3702 680 3755 tr,
729 3699 843 3756 etmox,
856 3708 906 3741 nou
920 3691 1078 3742 cadatunus
1089 3688 1177 3743 Pater.
1196 3690 1233 3744 H.

177 3766 287 3822 Observ.
302 3771 342 3821 55.
760 3767 801 3821 55
827 3769 907 3834 Quare
924 3786 1015 3836 sequor
1034 3771 1092 3834 ipsa
1111 3769 1172 3821 Dea
1187 3773 1235 3823 esl.

209 3846 249 3899 61.
266 3849 364 3899 Faveas
378 3848 402 3898 0
415 3847 531 3900 candida.
542 3847 682 3898 Deacan-
729 3844 1111 3935 Iliamsicblusaetudepingit‚
1125 3849 1155 3899 55
1158 3866 1234 3935 ‚qqq:

176 3927 253 3987 deda,
277 3924 398 3977 meliores
417 3924 490 3988 libri,
511 3922 681 3995 cumprimis
730 3915 891 3987 lidiflriee’uei
897 3925 998 3986 ardair'
966 3947 1105 4022 rqzaeefoe(
1107 3915 1217 4023 disquis
1195 3950 1232 3987 o,

178 4003 341 4058 editionibus.
366 4004 465 4056 Herus
596 4003 602 4013 ⁸
729 4011 884 4079 Μαρμαρυγῆν
915 4009 1029 4078 χαρίεντος
1056 4003 1149 4073 ἆπαςρα
1134 4006 1235 4057 ἅπαντα

211 4083 251 4136 fu.
271 4085 372 4138 Arctoo.
396 4082 562 4137 Lemniensis
583 4091 610 4135 et
629 4091 681 4135 tres
790 4081 914 4156 mesdeo.
