2790 4696
176 354 242 447 276
510 354 775 423 urrsrous
800 355 883 423 xv.

223 493 333 578 Misit,
353 510 387 565 et
402 489 504 564 illaeso
523 519 661 591 corpore
677 493 799 592 pressit
814 518 925 590 aquas.

174 609 242 680 Nec
261 634 351 678 mora
368 607 502 704 :jussus
519 633 630 679 amans
649 606 758 699 tetigit
772 604 939 678 laetissima
953 604 1088 705 Pyrrhae

221 721 373 805 Pectora3
390 718 573 793 Deucalion
589 721 664 813 igne
681 718 806 793 levatus
822 735 900 793 erat.
1186 764 1229 816 170

173 837 267 909 Hanc
284 834 388 930 legem
406 834 499 909 locus
513 833 568 909 ille
584 851 674 908 tenet
688 851 782 936 :pete
797 834 952 934 protinus
965 833 1063 910 altam

219 950 385 1036 Leucada3
404 978 463 1023 nec
478 976 556 1023 saxo
574 947 744 1022 desiluisse
763 949 884 1022 time.»

173 1065 221 1137 Ut
237 1064 385 1151 monuit,
404 1091 479 1136 cnm
492 1090 571 1136 voce
588 1063 679 1136 abiit.
700 1066 773 1157 Ego
787 1062 908 1158 frigida
924 1093 1025 1159 surgo
1038 1092 1047 1151 ;

217 1182 285 1252 Nec
303 1179 442 1275 gravida
459 1179 608 1253 lacrimas
625 1179 818 1253 continuere
836 1207 935 1273 genre.

169 1294 311 1381 Ibimus,
329 1323 350 1366 o
367 1294 537 1395 Nympho!
556 1310 802 1393 monstrataque
820 1322 897 1368 saxa
912 1312 1081 1395 petemus:
1183 1319 1227 1386 ηδ

216 1410 269 1482 Sit
285 1407 401 1509 procul
417 1409 535 1482 insano
553 1410 659 1482 victus
674 1437 783 1482 amore
801 1409 908 1481 timor.

169 1522 346 1622 Quidquid
361 1522 438 1610 erit,
457 1520 575 1596 melius
593 1551 692 1623 quam
708 1551 797 1596 nunc
814 1523 886 1596 erit.
901 1523 1008 1607 Aura,
1025 1523 1139 1596 subito
1157 1553 1165 1612 ;

147 1672 149 1682 ·
216 1639 261 1710 Et
276 1664 347 1711 mea
364 1664 432 1708 non
449 1658 604 1732 magnum
622 1663 761 1736 corpora
777 1635 910 1737 pondus
927 1633 1062 1709 habent.

167 1752 220 1824 Tu
238 1778 387 1851 quoque,
405 1747 517 1822 mollis
533 1751 654 1836 Amor,
672 1777 798 1850 pennas
816 1776 966 1848 suppone
983 1749 1126 1836 cadenti,

215 1868 264 1938 Ne
282 1865 345 1937 sim
361 1863 531 1938 Leucadiae
548 1881 679 1937 mortua
693 1864 815 1937 crimen
828 1891 929 1963 aquae.
1178 1889 1225 1940 180

170 1980 252 2054 lnde
270 1978 387 2081 chelyn
404 1979 551 2069 Phoebo,
566 1980 752 2053 communia
770 2006 921 2066 munera,
938 2007 1076 2080 ponam:

167 2184 325 2232 connexam,
336 2182 415 2234 quam
427 2165 561 2217 Homerus
572 2164 670 2217 vorarit
716 2184 765 2236 pro
775 2166 869 2237 frigido
882 2176 908 2220 et
920 2167 1038 2233 remisso,
1050 2165 1223 2234 quemadmo-

164 2248 250 2309 ’dxciv
267 2251 372 2320 leeipoeo.
390 2241 443 2297 Od.
465 2235 492 2296 ni
504 2282 511 2308 ,
529 2243 585 2311 375.
602 2241 669 2295 Eam
717 2242 782 2295 dum
794 2242 903 2297 hicloci.
919 2245 1018 2298 Hlltts.

166 2335 280 2389 terram,
297 2339 355 2391 qute
370 2342 385 2375 e
402 2322 508 2392 regione
529 2318 623 2373 Ithaco
641 2334 676 2372 ac·
755 2342 809 2390 ¹7¹·
824 2324 900 2376 Ilm
917 2326 995 2390 Iegem
1008 2325 1077 2374 locus
1093 2325 1139 2374 itte
1151 2328 1223 2374 tenet.

167 2399 333 2470 cephaleniae
344 2410 392 2464 est,
402 2398 427 2450 id
439 2408 487 2463 est,
495 2398 577 2466 ipsam
588 2396 671 2448 Acar-
717 2397 760 2450 Do
771 2399 822 2453 lroc
832 2400 953 2470 scopulo,
973 2401 1018 2468 qui
1034 2400 1113 2453 saltus
1125 2419 1221 2452 aman-

165 2479 282 2542 naniam,
291 2475 402 2546 Epirum
409 2472 669 2544 appellandoQuare
719 2477 785 2528 tium
796 2476 943 2544 dicebatur,
954 2477 1004 2529 vid.
1019 2478 1091 2530 Serv.
1105 2478 1137 2531 ad
1151 2479 1222 2548 Virg.

165 2558 278 2609 Aetam
290 2552 407 2607 hocloco
419 2551 549 2622 gentiliter
563 2570 592 2603 ac
602 2568 669 2619 pro-
719 2554 807 2625 Eclog.
820 2572 865 2623 rx,
884 2560 931 2627 57;
952 2566 979 2608 et
992 2558 1065 2607 Voss.
1081 2554 1114 2606 ad
1129 2555 1222 2610 Catuli.

163 2635 219 2705 prie
232 2631 427 2701 accipiendum:
439 2648 494 2682 non
503 2627 667 2697 appellative,
717 2648 795 2685 carm.
804 2633 845 2702 67.
853 2633 963 2687 Ptolem.
976 2632 1108 2700 Heplrcest.
1119 2632 1163 2685 lib.
1174 2648 1222 2695 vn,

163 2721 194 2764 ut
209 2710 343 2763 Domitius
359 2706 482 2776 exponit,
503 2722 551 2776 pro
568 2705 669 2757 litorali-
717 2708 785 2779 apud
797 2710 939 2775 Phocium,
952 2707 1076 2772 Canone,
1094 2724 1146 2760 cxc
1159 2731 1166 2772 ;
1181 2711 1222 2779 qui

163 2789 266 2841 Mrem.
287 2788 434 2847 Actiacum,
449 2782 578 2852 Scaliger,
596 2792 625 2834 ut
642 2793 669 2835 et
717 2787 817 2856 plnres,
834 2786 879 2855 qui
894 2805 921 2838 se
934 2784 995 2837 inde
1007 2785 1221 2852 praecipitarunt,

163 2864 341 2920 sarravianm.
717 2871 868 2925 enumerat;
893 2861 1011 2931 Sapphus
1023 2873 1132 2928 tamen,
1152 2863 1222 2933 quod

199 2943 253 3015 ὥς
269 2943 321 2994 Nec
332 2957 402 2992 mora
413 2939 518 3006 :jussus
527 2955 617 2990 amm
631 2944 670 2989 te-
716 2940 832 3006 mioere,
850 2938 919 2992 nulla
943 2941 978 2992 ibi
1000 2940 1030 2993 tit
1049 2942 1173 3005 mentio;
1195 2952 1222 2995 et

163 3026 223 3090 tigit
238 3023 369 3071 Iaele'ssr‘ma
388 3020 488 3089 Pyntae
502 3022 607 3084 pectora
621 3025 669 3068 etc
717 3017 875 3080 Atltenaeus,
894 3017 937 3071 tib.
949 3034 1006 3084 xw,
1021 3038 1075 3088 cap.
1087 3021 1117 3084 3,
1132 3029 1223 3072 namet

164 3099 205 3152 lta
215 3096 326 3168 vulgaris
337 3095 413 3150 lectio
425 3095 511 3148 habet.
523 3095 555 3146 l'n
567 3092 670 3146 Aldinis
718 3093 831 3167 Calycen
847 3113 937 3148 amore
958 3095 1064 3149 Euatbli
1080 3107 1182 3166 captam
1192 3116 1222 3149 se

163 3185 253 3229 autem
264 3174 359 3244 legitur
367 3171 409 3227 hie
416 3169 565 3226 versus-hoc
573 3169 667 3223 modo:
715 3175 855 3244 pmcipitio
871 3195 903 3227 er
922 3175 972 3228 hoc
988 3175 1095 3243 scopulo
1116 3176 1222 3228 intere-

163 3257 219 3308 Nec
229 3269 316 3314 mom
328 3269 414 3303 versus
423 3248 570 3316 morsugr't
579 3251 670 3300 lenus-
715 3249 799 3303 misse.
808 3251 957 3304 Menander
964 3251 1031 3319 apud
1044 3251 1128 3304 Strab.
1136 3251 1179 3303 lib.
1187 3267 1220 3316 x,

163 3336 229 3384 sima
241 3335 319 3384 mersi
331 3332 445 3382 Pectora.
462 3326 556 3394 Scripti
573 3324 671 3377 nostris
715 3329 827 3399 primam
838 3328 966 3383 desiluisse
977 3350 1007 3383 ex
1022 3329 1140 3383 Leucade
1154 3331 1221 3397 sap

162 3405 665 3473 lassusmottetr'ge'tleteisg'urael’ynhae,
714 3405 768 3476 pho
779 3407 865 3460 tradit
882 3407 979 3459 Buram.

163 3485 205 3537 vel
216 3487 307 3553 justu
322 3503 399 3543 mor,
418 3482 459 3535 vel
470 3483 561 3548 jussus
571 3498 667 3532 amans.
750 3485 976 3554 173.Egosn'gida.
994 3485 1098 3545 remla,
1109 3483 1158 3536 alii.
1170 3486 1221 3536 ms

162 3565 262 3632 Pyrrha
273 3575 362 3615 tamen
376 3578 476 3613 omnes.
494 3557 602 3611 Saibo:
711 3564 786 3630 gilo,
800 3562 886 3631 scripti
899 3562 998 3614 nostri:
1010 3579 1092 3626 unus,
1109 3563 1221 3613 Pallida.

162 3651 404 3691 Noemzvmuuor
412 3644 666 3697 mutemus-arsut·
715 3639 815 3692 Horres.
840 3639 1064 3692 Francosurtensia
1082 3648 1220 3707 pentame-

185 3726 271 3764 l’oewm·
712 3725 786 3769 trum
795 3716 955 3769 itaeslribet:
966 3719 1019 3770 Nec
1029 3717 1223 3769 lacrimanti

167 3799 259 3850 Versus
267 3815 348 3857 amor,
360 3806 390 3848 ut
402 3793 517 3864 Epistola
528 3791 665 3846 Briseldit:
713 3798 855 3845 cultrum
865 3798 922 3844 Μ’.

161 3875 632 3919 Amntmumoreeuneimtimtrt
748 3870 800 3937 178.
819 3871 858 3921 ΕΙ
867 3886 931 3922 m.
948 3870 1146 3938 &inritum
1166 3871 1218 3922 dec

162 3950 258 4000 Lentus
270 3949 392 4019 proprie,
409 3949 454 4017 qui
469 3946 541 4002 tarde
558 3966 584 3999 se
597 3965 665 4016 pro-
712 3962 787 4009 mm·
802 3951 918 4007 temnite
930 3966 937 3999 :
947 3948 1087 4017 eleganter.
1103 3975 1137 3988 ·-
1148 3946 1214 3999 Ele·

162 4034 264 4091 movet,
275 4025 527 4096 sedetpmllexibili
537 4023 663 4089 sumitur,
712 4023 827 4095 gantiam
844 4024 950 4092 quidem
966 4025 1096 4091 concedo;
1109 4032 1216 4078 senten-

160 4116 187 4158 et
202 4120 250 4173 pro
264 4113 449 4170 secnroatque
460 4102 561 4168 otioso,
584 4102 664 4166 etiam
711 4102 748 4155 tia
758 4113 844 4169 tero,¹
852 4120 931 4170 φιιω
946 4103 1027 4156 sutilis
1038 4113 1067 4157 et
1078 4099 1185 4174 frigida!
