2754 5160
284 1480 288 1487 '
330 1483 656 1572 EPISTOLAE
702 1481 1033 1569 VIGESIMAE

485 1676 874 1746 nuouusrtruu.

192 1888 310 1951 Juvcnis
329 1887 442 1969 quidam
457 1888 600 1951 Acontius
616 1888 751 1966 nomine,
762 1910 853 1969 quum
867 1887 899 1947 in
910 1884 1004 1947 insuia
1017 1884 1094 1945 Delo
1110 1884 1208 1945 Dianas

153 1995 237 2056 sacris
247 1994 410 2071 interesset,
422 2017 487 2076 ques
499 1996 640 2076 frequenti
648 1994 790 2079 virginum
801 2014 944 2054 concursu
952 1988 1209 2065 celebratissimis

152 2120 277 2160 amorem
289 2100 451 2182 Cydippes,
464 2099 565 2182 puellre
578 2099 697 2175 nobilis,
709 2097 819 2160 subitus
831 2098 950 2159 exarsit:
963 2117 1047 2177 quam
1057 2117 1147 2176 quum
1158 2114 1211 2155 nec

153 2204 256 2285 opibus
276 2226 328 2266 nec
349 2225 451 2290 genere
466 2205 576 2281 clarus,
597 2205 627 2265 in
645 2224 766 2265 uxorem
789 2225 806 2264 a
829 2200 991 2285 parentibus
1012 2221 1071 2261 non
1094 2197 1212 2260 auderet

153 2308 320 2388 sollicitare,
335 2311 365 2371 in
377 2310 568 2392 pulcherrimo
582 2331 670 2391 pomo
684 2309 847 2390 inscripsit:

266 2463 334 2514 Juro
348 2461 392 2513 tibi
403 2479 477 2523 sane,
491 2480 539 2530 per
550 2462 658 2533 mystica
669 2480 740 2515 sacra
752 2461 845 2514 Diome
855 2500 863 2528 ,

269 2551 317 2604 ltle
331 2551 376 2603 tibi
388 2561 527 2605 venturam
540 2551 679 2615 comitem,
692 2569 866 2620 sponsamque
879 2552 1011 2614 suturam

155 2693 371 2773 projectumque
384 2691 488 2753 malum
505 2692 609 2753 fraudis
624 2692 710 2753 inscia
723 2692 852 2773 Cydippe
866 2691 999 2767 sustulit,
1018 2689 1146 2773 legitque
1159 2690 1211 2749 iro-

156 2797 281 2877 prudens
297 2798 376 2878 quod
390 2797 496 2879 inipso
512 2797 603 2857 suerat
617 2796 801 2878 inscriptum;
819 2797 917 2878 sicque
933 2817 962 2857 se
973 2794 1116 2878 religione
1125 2816 1212 2857 sama·

156 2901 245 2960 menti
254 2900 381 2962 Acontio
392 2901 527 2985 obligarit
537 2925 544 2961 :
555 2924 617 2963 nam
627 2914 765 2983 quaeante
774 2901 853 2963 Deos
863 2901 892 2960 in
900 2900 1008 2982 templo
1018 2899 1110 2961 Delie
1119 2900 1212 2961 uisne

157 3005 333 3081 dicerentur,
352 3020 410 3068 rata
430 3027 507 3083 csse,
523 3008 567 3067 lex
579 3020 646 3067 erat.
662 3005 739 3066 Facti
758 3006 868 3066 nescius
884 3018 965 3087 pater
985 3004 1129 3086 atiqnsnto
1148 3014 1213 3085 post

157 3108 242 3168 filiam
264 3112 371 3190 potenti
389 3111 499 3172 cnidum
514 3111 682 3193 despondit;
706 3110 754 3172 scd
770 3132 829 3170 eam
843 3108 935 3170 subita
954 3109 1041 3171 febris
1058 3107 1208 3189 correpsit:

159 3212 340 3290 qnodstatim
350 3226 384 3275 ut
394 3215 535 3278 Acontius
546 3215 721 3294 rescivisset,
737 3215 874 3298 Cydippae
883 3214 1002 3292 scribit,
1011 3213 1213 3296 utpemuadtut

159 3315 292 3379 morbum
307 3319 383 3379 hunc
396 3341 412 3379 a
427 3319 519 3380 Diana
532 3321 706 3399 immissum,
721 3323 786 3402 quia
802 3343 881 3402 quac,
896 3321 958 3403 ipsa
972 3332 1130 3404 prasente,
1144 3338 1215 3401 pro-

160 3423 288 3503 miserat,
302 3446 363 3486 non
378 3424 551 3508 adimpleret.
574 3460 615 3473 —
630 3425 788 3489 Aristaenet
810 3443 821 3485 1
834 3471 843 3502 ,
856 3426 947 3506 Epist
965 3449 1013 3489 ιο.
