2790 4696
447 333 692 403 LEANDER
716 333 933 407 HERONI.
1155 339 1219 407 335

208 468 329 543 Nescio
347 468 428 570 quid
445 472 522 545 visae
538 490 617 546 sunt
632 472 714 547 mihi
732 473 827 551 dulce
845 473 949 575 queri.
1026 461 1029 465 ⁵

159 586 301 684 Jamque
319 583 464 680 fatigatis
479 586 618 662 humero
636 589 699 664 sub
717 607 861 691 utroque
877 588 1027 678 lacertis,

209 700 355 773 Fortiter
371 701 405 773 in
424 729 566 775 summas
584 703 694 798 erigor
708 703 794 778 altus
812 733 922 806 aquas.

163 818 212 890 Ut
228 815 344 917 procul
361 817 495 918 adspexi
512 816 647 893 lumen:
665 852 683 885 u
696 848 789 894 meus
806 823 894 918 ignis
910 823 946 895 in
957 820 1017 897 illo
1036 840 1105 913 cst3
1186 850 1220 902 85

211 929 274 1004 Illa
290 960 416 1020 meum,
436 933 519 1020 dixi,
537 932 637 1007 litora
652 964 776 1009 numen
792 935 928 1011 habent.
950 971 968 1004 »

164 1047 211 1118 Et
222 1047 335 1119 subito
353 1045 448 1120 lassis
465 1048 550 1121 vires
566 1048 690 1123 rediere
707 1048 837 1124 lacertis
851 1081 860 1140 ;

212 1161 375 1260 Visaque,
396 1190 493 1261 quam
510 1163 634 1254 suerat,
653 1161 788 1236 mollior
804 1164 894 1236 unda
908 1165 1000 1238 mihi.

165 1273 302 1368 Frigora
318 1304 359 1348 ne
377 1277 502 1376 possim
520 1277 619 1372 gelidi
637 1279 760 1352 sentire
778 1278 956 1380 profundi,

215 1389 285 1484 Qui
303 1389 387 1463 calet
403 1392 437 1464 in
451 1391 574 1492 cupido
591 1411 744 1493 pectore,
763 1410 896 1493 praestat
913 1423 1012 1469 amor.
1192 1434 1226 1486 90

166 1505 246 1602 Quo
263 1506 367 1601 magis
385 1507 520 1595 accedo,
538 1509 761 1610 propioraque
779 1507 878 1582 litora
891 1509 995 1600 liunt,

215 1623 361 1722 Quoque
378 1624 489 1697 minus
505 1640 622 1711 restat,
642 1623 719 1725 plus
736 1623 819 1698 lihct
835 1626 882 1698 ire
899 1625 992 1697 mihi.

168 1736 281 1834 Quum
298 1767 376 1813 vero
394 1767 532 1840 possum
550 1740 639 1814 cerni
655 1767 805 1840 quoquc,
824 1738 978 1838 protinus
995 1738 1088 1812 addis

215 1855 400 1955 Spectatrix
418 1856 565 1943 animos,
583 1873 623 1928 ut
639 1854 828 1954 valeamque
845 1853 936 1926 lacis.

166 1970 262 2043 Tunc
280 1971 377 2043 etiam
392 1970 504 2043 nando
521 1970 661 2044 dominae
675 1970 837 2072 placuisse
851 1969 989 2059 laboro,
1192 1996 1226 2064 qt

199 2140 238 2192 82.
246 2141 331 2192 Dulce
337 2144 411 2207 queri.
420 2136 671 2205 conjiciebatFran·
718 2148 746 2192 et
757 2157 771 2192 a
782 2157 864 2192 manu
875 2138 1004 2206 secunda,
1018 2141 1080 2205 Quo.
1097 2138 1226 2192 Bar-beri-

166 2215 609 2284 ciua‚tn'stequcn‘:nilopus.Vid.
622 2215 669 2284 Ep.
718 2217 833 2284 nianue,
862 2221 942 2284 Quod.
959 2217 1061 2287 Hutptts.
1086 2219 1117 2268 In
1143 2220 1227 2285 tepido
1310 2233 1316 2247 ⁸

167 2310 219 2358 xv,
241 2297 294 2345 152.
307 2294 391 2344 Dulce
400 2294 481 2361 loqui,
495 2292 615 2345 nonnulli
625 2312 672 2346 co-
719 2295 798 2347 etiam
813 2295 926 2347 malebat
939 2294 1071 2348 Francius.

168 2369 245 2424 dices.
544 2378 546 2381 ’
750 2375 790 2444 95.
807 2375 877 2425 Tunc
887 2377 972 2424 eleum.
988 2374 1063 2426 Nunc
1072 2377 1151 2425 etiam
1164 2372 1226 2426 Pu·

199 2449 238 2500 86.
264 2450 359 2501 lumen
377 2452 477 2502 habent.
499 2449 625 2504 llleliores
644 2461 672 2505 et
719 2460 833 2503 teaneus.
848 2450 947 2503 Herus.
967 2450 1007 2502 lta
1019 2459 1046 2501 et
1057 2449 1111 2501 duo
1127 2449 1169 2502 alii
1180 2469 1227 2504 co-

165 2526 285 2595 plurimi‚
298 2547 386 2579 numen
397 2545 406 2591 ‚·
417 2528 576 2582 nobisidcm
588 2528 671 2582 dicat:
719 2526 794 2580 dices.
819 2525 880 2580 vid.
899 2526 979 2596 Epist
999 2542 1055 2592 ιιι,
1078 2527 1128 2589 53;
1149 2527 1227 2579 etita

165 2607 232 2670 iffm's
251 2603 321 2655 enirn
334 2604 476 2672 praecessit3
496 2615 523 2657 ct
540 2623 555 2657 a
570 2610 672 2656 numme
718 2623 785 2674 stepo
797 2615 947 2674 peccatum,
969 2605 1029 2673 quia
1043 2603 1156 2669 librarii,
1170 2622 1227 2658 non

166 2680 261 2733 rectius
282 2682 349 2734 vires
366 2681 470 2735 rediisse
491 2682 672 2735 dicuntur:et
719 2700 792 2751 aequc
808 2693 838 2735 ut
859 2692 961 2751 poeta,
985 2693 1088 2751 tempus
1103 2682 1226 2751 preteri-

167 2757 397 2813 itaduaeeditioncs
405 2780 508 2829 quoque
517 2763 632 2814 Venetae.
639 2761 670 2814 Β,
719 2769 793 2826 tum,
810 2760 858 2814 sibi
876 2779 988 2830 presens
1006 2760 1106 2830 fingere
1127 2771 1226 2830 potue-

201 2838 240 2909 dq.
256 2842 359 2906 Frigora
370 2858 401 2891 ne
407 2846 504 2905 possim
513 2841 595 2906 gelam·
606 2858 671 2891 sen·
719 2848 789 2891 runt.
801 2838 898 2892 Buntt.
911 2867 944 2878 —
952 2841 1046 2892 Nande
1057 2841 1162 2892 domine
1171 2843 1228 2907 pla·

170 2918 215 2966 tite
221 2916 344 2981 profundi
351 2927 398 2969 etc.
409 2917 452 2969 Sic
465 2935 569 2985 quoquc
585 2917 672 2969 Lean-
719 2922 803 2969 tuisse
810 2920 903 2969 laboro.
914 2916 978 2985 Quo
986 2917 1088 2985 longius
1098 2917 1126 2968 in
1136 2934 1229 2968 recen-

172 2990 235 3059 der,
253 2994 321 3062 apud
332 2996 477 3059 Musaeum,
493 2996 540 3060 245
552 3012 559 3044 r
719 2993 801 3047 aenda
813 2992 860 3046 hac
872 2993 987 3063 Epistola
997 2993 1120 3063 procedo¹
1131 3011 1230 3045 eoma-

171 3077 246 3130 Δηνὲς
258 3086 336 3146 Ερως,
347 3077 469 3131 nutriatur
480 3072 605 3139 ἂμιιὶιχος·
616 3072 673 3124 &tlt
726 3073 763 3142 gis
774 3072 883 3125 Barthlo
896 3072 1040 3137 adsentior,
1052 3072 1097 3138 qui
1106 3070 1176 3122 illam
1188 3068 1231 3119 vix

176 3150 182 3163 '
238 3152 350 3211 θαλάσσης
726 3150 792 3202 auoit
810 3149 908 3202 Ouidio
924 3147 1076 3201 adscribere.
1102 3145 1233 3214 Quamvis

171 3222 241 3289 Ἐςὶν
262 3232 331 3300 imp,
348 3217 407 3280 Μ’
427 3221 590 3301 ”Eporae'r'pt
605 3229 678 3296 stipe
726 3228 798 3278 enirn
820 3244 880 3277 raro
899 3226 995 3278 Noster
1012 3225 1105 3276 vitium
1124 3222 1233 3292 effugiat
1271 3282 1273 3289 y

239 3305 361 3369 ladipuxau
374 3315 423 3378 nup.
726 3303 878 3356 luxuriantis
892 3322 969 3371 supra
987 3300 1098 3354 modurn
1114 3300 1230 3370 ingenii,

173 3381 228 3439 Ubi
239 3399 343 3432 acumen
362 3381 389 3432 in
408 3379 478 3433 malo
494 3379 550 3432 loco
566 3383 679 3448 positum
726 3398 873 3448 numquam
883 3390 972 3433 umen
981 3397 1013 3432 eo
1021 3380 1094 3432 venit
1105 3378 1231 3445 licentiae,

172 3462 232 3529 jure
251 3457 420 3527 reprehcndit
440 3457 531 3510 doctus
549 3459 678 3509 Herirticb.
727 3466 757 3510 ut
774 3457 883 3510 totidem
902 3457 1005 3510 facetiae
1024 3467 1051 3509 ct
1070 3456 1140 3510 istim
1160 3456 1233 3510 modi

175 3537 244 3606 Quis
254 3536 325 3588 enim
336 3536 384 3589 sibi
396 3533 564 3605 persuadeat,
579 3534 678 3602 inquit,
727 3535 900 3590 cavillationes
913 3535 941 3587 in
963 3554 992 3587 re
1004 3534 1116 3588 solemni
1132 3545 1158 3588 ct
1177 3536 1233 3588 sere

175 3618 302 3686 juvenem
314 3614 393 3667 maria
407 3612 528 3666 concitati
541 3612 634 3664 timore
645 3610 681 3664 si·
727 3613 840 3682 tragica,
852 3611 1152 3682 ercidercsibipatiatur,
1165 3612 1235 3682 Quis

174 3693 248 3759 mul,
267 3703 409 3745 ctsurnmo
422 3691 516 3744 amoris
529 3688 681 3744 alsectudia·
728 3690 800 3744 euim
820 3690 971 3744 Leandrum
989 3692 1056 3743 serat
1076 3689 1233 3744 scribentem

174 3771 326 3836 cruciatum,
343 3780 369 3822 ct
381 3770 432 3822 utri
443 3769 548 3822 cederet
559 3767 679 3835 dubium,
727 3788 770 3834 ee,
783 3769 824 3821 vel
833 3768 861 3820 in
869 3768 994 3834 natando,
1006 3778 1093 3821 motus
1104 3788 1164 3823 suos
1174 3770 1233 3823 ideo

173 3850 203 3901 in
215 3849 326 3917 argutias
338 3846 452 3901 incidere
466 3848 596 3917 potuisse,
617 3865 680 3916 quaa
728 3847 910 3916 composuisse,
921 3857 950 3899 ut
954 3850 1069 3914 placeret
1078 3848 1166 3901 amicae
1176 3868 1235 3918 qun

175 3927 219 3996 qui
231 3927 345 3996 proferat
354 3965 361 3991 ‚
370 3927 486 3994 prolecto
497 3925 574 3996 paulo
584 3925 680 3978 lentior
728 3925 813 3994 ipsum
826 3924 996 3977 observabat?
1018 3923 1086 3991 Quis
1099 3925 1165 3979 ferat
1182 3927 1234 3979 ad-

176 4023 206 4059 ae
216 4005 380 4074 tranquillior
389 4004 440 4068 ait,
453 4023 557 4058 necesse
568 4003 625 4056 est?
729 4001 837 4055 dentem
847 4001 924 4070 paulo
930 4001 1013 4068 infra,
1026 4004 1086 4068 132,
1099 4023 1126 4055 ee
1135 4004 1233 4056 fretum

209 4102 250 4156 qo.
271 4085 324 4150 Qui
338 4085 413 4135 calet.
441 4084 499 4150 Qua
512 4082 679 4149 Putemus,
729 4098 797 4149 cepe
815 4079 881 4135 adeo
896 4080 951 4149 jam
967 4081 1114 4150 trajecisse,
1132 4091 1160 4134 ut
1179 4098 1235 4134 nou
