2754 5160
153 714 221 798 Μ
359 716 430 783 ΔΙ)
453 716 646 785 LIVIAM
675 710 966 784 AUGUSTAM

113 872 115 876 ‘
156 854 275 926 Certus
293 879 365 925 eras
382 881 567 953 nunquam,
586 854 651 926 nisi
668 856 788 943 victor,
808 855 932 942 Druse,
949 854 1090 928 uteret·

201 969 279 1039 llaec
298 983 328 1039 te
347 964 530 1040 debuerant
546 985 694 1068 tempora
709 998 717 1042 :
730 970 938 1049 victoreras.
1204 958 1207 963 ’

156 1081 301 1157 Consule
318 1110 400 1169 uos,
420 1081 597 1168 ducenos,
616 1082 697 1156 duce
712 1083 779 1180 jam
792 1083 933 1172 victore,
946 1109 1125 1158 caremus:

202 1197 334 1271 Invenit
348 1216 392 1270 en
403 1213 474 1270 tota
487 1224 610 1273 moeror
625 1197 661 1269 iu
676 1197 760 1271 urbe
777 1194 898 1270 locum.
969 1224 972 1233 ’

155 1311 203 1385 At
219 1312 377 1385 comitum
394 1311 546 1412 squalent
559 1312 714 1387 immissis
731 1339 788 1385 ora
805 1309 947 1411 capillis,
1175 1331 1222 1401 set

202 1424 337 1512 Infelix,
353 1426 466 1499 Druso
485 1427 543 1500 sed
559 1428 615 1528 pia
633 1427 730 1501 turba
745 1456 819 1500 suo.

158 1542 312 1638 Quorum
329 1539 469 1641 aliquis,
487 1541 623 1615 tendens
640 1543 676 1614 in
691 1558 723 1615 te
741 1569 801 1615 sua
816 1541 972 1628 braebia,
989 1539 1093 1613 dixit:

207 1657 277 1729 Cur
293 1655 363 1727 sine
380 1682 449 1740 rue,
467 1682 527 1725 cur
543 1657 591 1725 cic
605 1657 817 1725 incomitatus
829 1658 929 1726 abis?
1006 1702 1009 1707 »

157 1771 251 1867 Quid
268 1769 405 1843 reseram
418 1768 459 1842 de
477 1785 524 1855 te,
543 1767 737 1863 dignissima
751 1767 892 1865 conjuge
910 1767 1041 1856 Druso,

207 1886 318 1982 Atque
335 1883 447 1956 eadem
464 1881 568 1955 Drusi
585 1881 685 1977 digna
700 1896 835 1982 parente
847 1882 978 1954 nurus?
1173 1905 1220 1957 ton

159 1998 225 2070 Par
240 1996 324 2070 bene
343 1996 581 2097 compositum3
597 1996 754 2093 juvenum
768 1993 971 2068 fortissimus
987 1992 1086 2082 alter,

205 2110 319 2186 Altera
335 2130 401 2185 tam
419 2111 497 2184 lorti
511 2128 627 2185 mutua
644 2139 722 2186 cura
737 2110 819 2183 viro.

159 2227 292 2299 Femina
311 2244 348 2299 tu
363 2227 535 2326 princeps;
553 2243 590 2298 tu
601 2224 818 2300 filiaCaesaris
832 2223 904 2298 :illi

207 2346 277 2416 Nec
294 2344 402 2415 minor
419 2371 454 2416 es
471 2342 582 2437 magni
599 2342 737 2439 conjuge
754 2342 823 2414 visa
838 2340 943 2414 Jovis.

157 2458 210 2530 Tu
224 2486 399 2531 concessus
415 2485 520 2544 amor,
539 2475 576 2530 tu
593 2454 685 2530 solus
701 2473 733 2529 et
751 2455 887 2528 ultimus
903 2454 974 2543 illi,
1173 2477 1220 2530 tot

208 2576 261 2646 'l’u
279 2574 409 2673 requies
424 2574 511 2646 sesso
529 2590 621 2668 grata
636 2571 761 2644 laboris
778 2598 859 2643 eras.

160 2692 209 2764 'le
226 2691 388 2776 moriens,
406 2717 466 2789 per
481 2688 582 2761 verba
598 2686 791 2774 novissima,
810 2685 1105 2786 questus¹abesse3

153 2909 252 2975 fratre,
269 2909 357 2960 Deos!
375 2907 464 2961 Verba
476 2917 537 2961 sunt
549 2907 664 2973 Tiberii,
713 2915 795 2959 tatem
808 2922 987 2974 supergressa,
1000 2921 1122 2957 amorem
1136 2902 1220 2956 mariti

162 2984 274 3038 dolentis
295 2984 365 3053 quod
389 2985 444 3038 aine
465 2986 569 3049 sraue,
595 2986 666 3037 Deos
714 2983 817 3053 egregia
825 2980 877 3034 fide
888 2983 1093 3051 pensavitequae
1101 2981 1217 3050 postejus

155 3061 254 3127 fratres
269 3061 361 3126 adeat,
388 3059 457 3114 Cast.
477 3073 504 3114 et
523 3061 620 3115 Polluc
637 3061 665 3112 in
714 3060 862 3124 decessum,
879 3061 965 3112 forma
978 3070 1006 3112 et
1018 3068 1092 3112 atate
1105 3058 1215 3122 lloreus,

163 3136 246 3190 edem
264 3156 343 3204 quam
362 3137 421 3205 ipsis
438 3137 545 3189 dicabat.
569 3138 666 3190 Sensus
714 3137 861 3190 cubiculum
873 3155 964 3189 somus
975 3156 1024 3205 pru
1036 3134 1152 3202 conjugio
1166 3131 1217 3184 ba-

159 3213 236 3284 plane
257 3213 362 3278 obvius,
391 3225 418 3265 et
436 3214 542 3266 allectus
559 3213 666 3281 quidem
714 3215 792 3267 buit:
815 3215 843 3267 in
867 3213 1018 3282 eodemque
1037 3223 1090 3264 tono
1108 3210 1218 3262 alterius

161 3290 341 3344 dulcissimus:
357 3288 427 3342 unde
440 3308 495 3342 uon
512 3289 589 3342 video
604 3291 666 3358 quid
715 3291 892 3344 adolescentie
914 3292 989 3360 vigor
1012 3289 1143 3342 assumtus
1156 3296 1215 3350 αἱς

162 3368 323 3438 scaligerum
339 3365 489 3436 impulerit,
510 3377 539 3419 ut
551 3366 666 3436 legeret:
714 3370 818 3424 alterius
834 3368 964 3422 viduitatis
978 3365 1132 3437 experientia
1145 3382 1217 3416 cou-

187 3452 227 3492 Cur
235 3447 630 3497 memtraunheutotutrummoea?
713 3448 831 3500 genuit„
853 3447 950 3498 Totam
965 3464 992 3498 ,g
1011 3441 1117 3496 tradidit
1133 3441 1218 3494 liberis

195 3539 320 3595 29¹·292·
347 3525 435 3575 Certus
453 3540 510 3573 ems
527 3540 665 3588 amquam,
715 3523 868 3590 educandis,
881 3522 925 3592 qui
944 3517 1219 3574 manummzsser·

161 3605 355 3654 uisr‘ur'ctotetc
364 3599 467 3666 Fiuiun,
474 3599 666 3668 immotumque
715 3602 848 3666 monicus,
870 3599 995 3670 Caligula)
1013 3608 1090 3668 pater
1108 3616 1117 3648 ι
1137 3595 1220 3649 Clau-

162 3677 190 3730 in
203 3678 291 3729 animo
309 3677 354 3729 tibi
366 3675 486 3738 sedebat,
509 3687 538 3728 ut
553 3676 666 3728 Romam
714 3678 789 3744 diua,
820 3678 864 3747 qui
884 3677 980 3729 deinde
1000 3676 1168 3745 imperator,
1195 3683 1221 3725 et

160 3759 380 3824 uunquam,uati
387 3759 469 3807 victor
478 3754 583 3807 redires.
607 3756 667 3805 Vio-
715 3756 803 3821 Livia,
819 3774 865 3808 seu
874 3750 1221 3820 Livilla‚monrmdinulu·

161 3842 269 3887 torem
288 3850 295 3880 ··
315 3832 461 3886 debuerant
471 3833 550 3902 igitur
561 3832 666 3886 incolu-
714 3832 787 3885 tione
802 3832 867 3885 adeo
882 3832 994 3885 infamis.
1014 3832 1132 3883 Venno
1143 3831 1222 3882 iuter·

163 3930 226 3964 ruen
240 3922 264 3963 te
273 3909 346 3962 uobis
361 3917 471 3976 tempora
481 3907 600 3961 reddere.
714 3919 844 3977 ceptama
860 3907 977 3977 Caligula
995 3907 1060 3961 dato
1078 3907 1222 3960 Antoniam

195 4009 251 4060 ²99·
272 3989 341 4052 Quid
350 3986 455 4054 restrum
465 3988 497 4037 de
508 3993 534 4038 te
548 3994 595 4036 etc
607 3982 667 4036 Ser-
715 3987 804 4041 innuit
815 3987 888 4040 Suet.
901 3984 994 4039 Claud.
1005 3986 1046 4038 23.

161 4083 272 4117 monem
280 4062 522 4117 nuncconvertitad
528 4062 667 4131 conjugem
747 4065 804 4117 305.
826 4067 864 4117 Ta
874 4082 1009 4116 concessas
1018 4082 1105 4122 mr,
1119 4068 1150 4116 {a
1160 4065 1224 4116 solur

163 4141 259 4207 Drusi,
275 4143 418 4196 Antoniam
430 4143 572 4199 minorem
586 4140 668 4194 Anto·
715 4145 744 4194 e!
751 4145 854 4193 ultibus
863 4145 911 4193 illi.
921 4139 1043 4192 Laudem
1053 4139 1124 4193 banc
1138 4140 1224 4193 Druso

162 4218 201 4269 nii
216 4218 359 4272 Triumviri
371 4241 401 4273 ex
416 4218 541 4285 Octavia,
557 4219 668 4288 Augusti
716 4218 805 4270 tribuit
818 4216 874 4269 Val.
894 4217 964 4270 Mar.
977 4217 1037 4270 loco
1053 4218 1111 4285 jam
1123 4217 1224 4282 duro,

162 4310 271 4358 sorore,
287 4295 374 4349 filiam,
388 4295 515 4349 Dceaaie
529 4295 667 4347 Vallvlax.
716 4293 786 4362 quod
808 4296 911 4346 Veneris
928 4312 1000 4346 m
1020 4300 1091 4347 ἰείη
1112 4296 1221 4362 camp}

160 4384 209 4435 tv,
230 4370 296 4421 3²«
314 4373 429 4426 Antonia
448 4391 552 4442 quoque
569 4372 668 4427 semina
715 4370 862 4424 claritatem
874 4374 987 4424 clausum
1003 4378 1125 4426 tenuerit.
1151 4370 1217 4439 Qui-

160 4445 279 4501 laudibus
293 4448 396 4505 virilem
411 4450 514 4505 familiar
530 4468 582 4506 cure
596 4448 668 4503 clari·
715 4448 795 4518 dam,
815 4448 947 4517 conscissus
956 4469 1048 4518 anor,
1063 4451 1197 4524 legitimus
