2790 4696
268 281 329 340 xv!
646 260 936 332 PRAEFATIO.
1038 204 1044 216 Ι

266 409 483 516 exposueris,
509 409 540 486 oi
560 437 632 485 non
654 429 690 486 et
722 412 794 514 ipse
826 412 977 487 metricas
1011 411 1100 510 leges
1127 416 1325 522 quandoque

266 546 436 622 subieris?
452 546 539 642 Quis
563 545 704 647 denique
725 543 860 635 melius,
877 575 975 650 quam
992 549 1052 649 qui
1067 547 1158 641 lecit,
1174 552 1255 653 quid
1272 553 1327 627 alii

265 681 402 757 fecerint
427 678 611 777 intelliget,
638 677 953 783 intelligendumque
976 682 1101 756 ceteris
1122 682 1328 772 exhibebit?

266 813 330 890 llis
340 815 443 910 igitur
451 784 505 888 tit
517 840 553 887 ac
567 811 687 900 tantis,
704 828 814 886 ettam
824 841 899 886 raro
910 814 947 886 in
959 830 1030 886 uno
1038 800 1174 889 homine
1188 845 1327 894 concur·

265 947 415 1022 rentibus
429 944 529 1018 bonis
548 943 745 1031 instructus,
768 943 849 1043 quid
864 943 1001 1029 mirum,
1019 944 1048 1016 si
1070 943 1147 1044 plus
1167 947 1203 1017 in
1217 952 1328 1048 poetis

266 1072 473 1179 expoliendis
487 1070 759 1172 illustrandisque
771 1072 925 1173 praestitit
937 1073 1110 1162 Heinsius,
1128 1102 1227 1175 quam
1236 1082 1333 1178 quis·

266 1236 365 1311 qnam
385 1222 460 1280 ante
482 1202 534 1279 vel
555 1204 654 1278 etiam
675 1220 753 1305 post
776 1205 887 1306 ipsum
906 1205 1097 1307 praestitisse
1118 1209 1300 1308 reperiatur
1314 1192 1366 1312 ἧς

267 1339 425 1415 ovidium
443 1365 511 1440 praa
531 1337 654 1410 ceteris
670 1334 822 1411 dilexisse
845 1337 992 1438 probant
1014 1356 1048 1412 et
1071 1356 1180 1416 textus
1197 1328 1330 1420 curiosa
1362 1397 1366 1402 -

265 1470 443 1548 admodum
469 1468 633 1556 recensio,
656 1485 689 1542 et
714 1487 869 1544 notarum
894 1470 1029 1544 ubertas
1052 1473 1189 1574 copiosa
1215 1505 1223 1548 z
1245 1505 1328 1576 qnas

264 1625 373 1683 tamen
387 1635 457 1681 non
470 1605 615 1708 primum
627 1601 747 1693 edidit,
765 1602 878 1704 quales
890 1632 980 1679 nunc
992 1605 1173 1697 habemus,
1189 1627 1326 1711 repente

265 1740 306 1813 ab
323 1740 479 1815 inchoata
493 1739 548 1811 vix
564 1736 709 1811 editione
725 1723 767 1809 ad
784 1734 953 1824 Suecieam
968 1735 1166 1834 legationem
1179 1768 1197 1814 a
1210 1743 1328 1842 Repu-

263 1871 352 1947 blica
370 1899 430 1944 sna
449 1887 612 1944 evocatus.

312 1999 380 2076 Sed
402 2028 444 2075 ne
464 1999 545 2101 quid
566 1998 741 2074 Heinsiani
760 2000 874 2076 Ovidii
892 2000 1035 2079 fortunar
1052 2003 1199 2095 deesset,
1219 2004 1327 2079 evenit

265 2154 303 2208 ut
318 2135 400 2208 tanti
414 2132 513 2233 pretii
526 2131 672 2233 reliquie
685 2133 721 2206 in
736 2161 853 2230 manus
869 2137 1053 2211 inciderent
1072 2138 1113 2210 Ρ.
1129 2140 1324 2227 Bomruonr‘,

264 2286 344 2371 post
352 2265 825 2342 Heinsiumviriintractandis
835 2269 945 2369 poetis
955 2268 1213 2360 celebratissimi,
1223 2273 1327 2370 etjam

264 2420 335 2476 tum
345 2400 524 2474 editionem
532 2399 737 2489 meditantis,
749 2400 803 2474 cui
816 2427 875 2473 nec
884 2400 991 2499 majus
1002 2417 1087 2473 certe
1099 2456 1108 2488 ,
1127 2428 1188 2474 nee
1201 2431 1328 2503 oppor-

265 2533 379 2607 tunius
391 2550 523 2634 poterat
537 2548 767 2606 ornamentum
786 2530 947 2605 accedere.
968 2533 1047 2628 Qua
1063 2531 1195 2632 quidem
1215 2560 1325 2607 acces·

265 2663 359 2737 sione
373 2693 415 2737 an
430 2666 476 2737 ita
491 2661 681 2737 absolutum
702 2690 790 2763 opus
810 2664 917 2736 visum
937 2663 982 2735 sit
998 2663 1159 2753 Heinsio,
1181 2680 1220 2737 ut
1240 2664 1325 2737 nihil

266 2793 353 2870 ultra
368 2796 419 2871 vel
432 2813 574 2883 mutare,
593 2792 645 2869 rel
658 2793 775 2870 addere
793 2812 940 2895 cuperet,
963 2796 1018 2867 vix
1033 2822 1095 2895 pro
1110 2784 1200 2868 certo
1218 2792 1325 2870 dicere

264 2925 364 3000 audet
377 2925 429 3000 Cl.
442 2927 518 3014 Vir,
532 2923 611 2999 Joh.
630 2926 719 3026 Aug.
739 2923 874 2998 Emesti.
897 2924 1028 2998 Certius
1040 2952 1104 3021 ego
1119 2922 1241 3012 dicam,
1253 2952 1324 2998 non

262 3061 310 3136 ita
322 3060 403 3149 sibi,
419 3077 459 3133 ut
474 3075 543 3132 erat
556 3058 680 3152 ingenii
693 3058 842 3131 acumine
858 3075 892 3132 et
901 3058 1026 3157 judicio
1044 3058 1223 3150 excellens,
1237 3060 1324 3132 Bur·

263 3193 476 3284 marinianum
492 3187 640 3263 studium
659 3188 858 3285 gratulatum
875 3191 986 3265 luisse.
1015 3192 1115 3266 llunc
1128 3220 1190 3287 ego
1209 3208 1324 3267 contra

262 3326 477 3413 crediderim,
493 3323 522 3397 si
538 3321 682 3395 doctiori
699 3323 771 3395 viro
794 3321 948 3398 collectas
961 3322 1109 3424 undique
1127 3341 1240 3413 notas,
1259 3325 1323 3399 ob-

262 3457 462 3534 servationes
479 3474 513 3531 et
529 3455 783 3529 commentarios
796 3454 831 3526 in
843 3482 944 3529 unam
954 3452 1075 3530 molem
1092 3456 1248 3531 conllanti
1261 3458 1323 3532 im-

261 3589 415 3686 provisus
432 3591 468 3663 in
482 3593 609 3665 Musaeo
626 3579 826 3676 adstitisset,
842 3587 909 3660 hoc
927 3587 993 3663 sere
1005 3590 1106 3663 modo
1125 3589 1297 3665 locutum:

312 3752 331 3785 ε(
350 3721 489 3811 Caveas,
510 3727 714 3811 Burmanne‚
734 3707 864 3823 queso,
883 3749 942 3810 ne,
960 3721 1040 3796 dum
1063 3723 1152 3798 laudi
1172 3754 1251 3801 meae
1271 3724 1322 3795 in·

263 3883 282 3918 »
302 3851 403 3924 serris
423 3853 621 3944 studiosius,
644 3882 705 3930 nec
721 3851 909 3941 Ovidianae,
931 3881 991 3927 nec
1006 3871 1070 3930 tuae
1089 3857 1194 3958 ipsius
1207 3879 1323 3957 pareas

265 4019 282 4053 o
303 3985 399 4059 satis!
414 3985 556 4059 Putasne
565 4015 634 4076 me,
653 3988 698 4078 si,
710 3984 838 4086 qualem
850 3986 1194 4090 animo'conceperam,
1206 3984 1320 4062 Ovidii
