2790 4696
510 303 868 386 cousousrto.
1152 309 1217 392 423

208 446 366 543 Duraque
378 469 441 544 per
456 469 555 519 seras
572 442 704 520 vincula
719 472 804 520 nexa
817 470 955 532 manus3
1217 509 1221 515 .

160 560 207 632 Et
224 558 357 632 tandem
375 557 524 658 trepidos
540 557 671 649 vultus‚;
685 561 786 660 inque
803 557 861 634 illa
876 557 1023 634 ferocum
1173 585 1223 652 η’,

210 671 327 744 Invitis
342 670 491 746 lacrimas
507 671 656 748 decidere
672 702 731 748 ora
749 675 853 769 genis.
1263 688 1271 701 “

161 786 307 887 Spiritus
323 785 378 862 ille
395 788 520 876 minax,
539 805 574 864 et
590 789 693 864 Dreui
710 807 816 866 morte
830 789 1016 889 superbus,

212 903 366 977 Carnifici
383 905 418 976 iu
435 922 554 979 moesto
573 934 701 981 carcere
719 904 848 980 dandus
859 903 932 979 erit.

164 1019 368 1107 consistam,
387 1018 536 1121 laetisque
555 1019 678 1110 oculis,
696 1019 873 1120 lentusque
886 1016 1007 1092 videbo

211 1136 320 1210 Strata
335 1162 395 1235 per
413 1135 581 1210 obscenas
596 1148 739 1238 corpora
754 1135 846 1210 nuda
861 1135 940 1211 vias.
1175 1156 1225 1207 aa·

99 1240 104 1251 “
165 1251 264 1322 Hunc
279 1250 410 1321 Aurora
427 1248 531 1333 diem,
550 1250 736 1346 spectacula
754 1268 844 1320 tauta
861 1249 1038 1334 ferentem,

214 1364 323 1459 Quam
340 1363 484 1464 primum
500 1361 625 1436 croceis
642 1360 773 1436 roscida
788 1380 902 1463 portet
917 1363 1022 1464 equis.

164 1477 279 1576 Adjice
296 1475 449 1562 Ledaeos,
467 1475 646 1551 concordia
662 1476 784 1564 sidera,
801 1476 935 1566 fratrem
1005 1517 1009 1524 ·

213 1589 416 1690 Templaque
429 1592 582 1664 Romano
597 1590 832 1692 conspicienda
847 1590 931 1664 soro.

168 1705 276 1801 Quam
293 1732 394 1804 parvo
410 1732 567 1779 numeros
582 1703 732 1806 implevit
746 1704 914 1806 principis
924 1731 1012 1790 aevo,
1177 1725 1226 1776 285

215 1823 255 1893 ln
269 1820 409 1921 patriam
425 1820 552 1897 meritis
569 1822 792 1922 occubuitque
810 1821 931 1895 senex!
1019 1831 1022 1837 '

167 1935 236 2011 Nec
253 1964 312 2010 sua
328 1936 527 2037 conspiciet,
544 1937 700 2012 miserum
717 1940 789 2012 me!
807 1962 943 2011 munera
959 1936 1105 2023 Drusus,

215 2054 283 2127 Nec
300 2081 359 2126 sua
376 2079 438 2154 pro
451 2051 566 2153 templi
582 2054 718 2127 nomina
733 2053 843 2128 fronte
859 2053 964 2149 leget!

169 2168 261 2269 Saepe
278 2170 385 2254 Nero,
403 2165 616 2256 illacrimans,
635 2168 800 2243 submissa
814 2197 895 2243 voce
908 2166 1081 2268 loquetur:

219 2283 289 2356 Cur
303 2281 385 2358 adeo
402 2281 535 2372 fratres,
552 2282 634 2358 beu!
652 2284 724 2358 sine
738 2283 855 2372 fratre,
875 2283 988 2359 Deos?
1180 2317 1230 2371 ²90

170 2515 266 2568 seerqa
272 2496 329 2552 illos
336 2497 438 2553 Dnssus
447 2509 574 2569 gesserat,
596 2519 677 2569 quem
727 2499 842 2555 Castoris
853 2509 881 2554 et
888 2498 1014 2566 Pollucis,
1025 2497 1156 2569 mdmen
1165 2516 1230 2552 cou-

169 2573 379 2644 velipsiboetes,
392 2587 457 2631 teste
465 2576 582 2644 Seneca,
596 2577 677 2632 Con·
724 2580 873 2649 sanguineo
888 2578 1018 2634 ebariutis
1039 2579 1229 2633 convenienter

171 2651 244 2712 solat.
254 2651 286 2707 sd
299 2653 444 2722 Murciam,
458 2671 507 2722 111,
520 2675 610 2724 egum
620 2676 677 2710 cuer
724 2657 800 2727 adjici
811 2676 892 2728 posse.
907 2681 921 2706 ν
934 2657 992 2711 Val.
1004 2657 1074 2711 Man
1085 2672 1126 2723 v..
1141 2659 1164 2709 5.
1177 2657 1233 2710 Pu·

170 2737 332 2788 mutim
338 2743 365 2788 et
375 2754 436 2805 pace
447 2746 677 2804 mutuapmseqee-
724 2736 779 2790 tida
789 2736 845 2792 bec
860 2736 967 2807 quidem
981 2735 1111 2799 adulatio;
1130 2747 1232 2789 constat

160 2821 272 2879 meur,-
289 2834 340 2870 nec
349 2822 437 2884 optem
448 2821 517 2887 quod
528 2821 680 2885 expediebat
724 2824 815 2868 temen
827 2815 966 2870 Tiberirm
979 2812 1135 2869 Concordia
1145 2824 1173 2867 et
1184 2813 1233 2866 Le·

172 2891 307 2946 auderent
725 2892 844 2948 deorum
862 2893 929 2949 edes
945 2893 1115 2958 murense,
1132 2908 1231 2958 suoque

204 2970 262 3022 280.
272 2973 679 3039 semtaemostscmscorpom
725 2980 753 3024 et
767 2969 847 3024 Drusi
859 2971 947 3025 fratris
962 2970 1087 3033 nomine,
1103 2967 1164 3020 licet
1179 2964 1232 3018 de-

172 3048 241 3099 nda
254 3051 318 3100 veles.
338 3047 400 3100 Mos
417 3058 472 3100 erat
490 3049 634 3102 occisorum
649 3049 680 3101 in
727 3047 834 3113 functi,
855 3047 1028 3117 inscripsisse,
1054 3055 1084 3098 ut
1097 3041 1235 3105 amicitie,

160 3141 275 3175 vearcere
296 3141 405 3191 corpore
420 3123 493 3177 nudu
507 3124 575 3179 stede
587 3125 678 3194 projici
726 3141 785 3191 qun
797 3123 868 3177 viros
879 3123 1068 3190 coniunxerat,
1079 3137 1232 3172 mansuram

174 3199 280 3267 pervias
289 3198 398 3265 vicinas,
412 3219 471 3268 quae
478 3199 538 3253 ideo
546 3204 678 3266 obscene,
727 3198 796 3267 epud
813 3209 930 3266 posteros
942 3199 1048 3254 damam
1063 3205 1234 3248 mereret.

173 3274 200 3327 id
213 3283 267 3340 est,
283 3274 352 3327 mele
364 3275 489 3328 ominosa
502 3276 679 3330 habebantur:
727 3274 772 3328 De
788 3274 831 3327 illa
854 3273 946 3343 templi
970 3271 1146 3337 consortie,
1163 3272 1235 3340 quod

174 3361 389 3420 memoraturque
399 3370 415 3404 a
426 3350 530 3417 Dione,
543 3367 611 3406 svm
621 3390 629 3418 ,
641 3359 681 3405 tot
728 3352 792 3405 olim
804 3352 898 3405 Furius
912 3362 1033 3416 voverat,
1049 3349 1236 3403 instauratione

172 3427 309 3498 interque
317 3429 407 3497 Seiani
414 3438 529 3482 mortem
537 3429 681 3499 portende-
728 3429 850 3483 meminit
861 3448 965 3498 quoque
973 3427 1085 3483 Ovidius
1097 3428 1236 3482 Fastorum

173 3519 249 3574 rent,
262 3507 334 3577 quod
345 3510 413 3562 servi
426 3509 501 3577 ejus,
518 3527 552 3561 eo
563 3509 620 3579 ipso
638 3509 681 3564 die
728 3506 832 3573 libror,
846 3507 911 3578 637,
927 3525 983 3575 sqq.

174 3603 228 3654 quo
237 3596 327 3656 captus
338 3595 390 3651 est,
403 3587 432 3639 in
446 3585 516 3637 viam
528 3584 683 3639 diverterint
762 3587 818 3638 28⁵.
833 3586 997 3652 Omma
1006 3583 1239 3649 nmmseiuplm'!

175 3681 233 3733 que
243 3663 354 3717 ducebat
365 3663 397 3716 ad
407 3682 555 3730 canerem,
568 3664 682 3733 lapsique
725 3666 849 3731 pnbcepr's
854 3663 921 3716 ero!
931 3662 1073 3733 Eleganter
1079 3658 1235 3722 admodum,

174 3740 317 3794 ceciderint
326 3760 373 3811 per
379 3742 457 3796 scalas
465 3740 683 3796 Gemoniaedee-
730 3758 779 3811 pro
792 3760 799 3794 ι
813 3759 892 3810 qeraru
909 3741 982 3794 brevi
1000 3757 1132 3792 annorum
1148 3739 1232 3808 spatio

174 3817 325 3872 tendentes.
730 3818 851 3888 princeps
867 3818 962 3872 exstitit
980 3817 1099 3871 numeris
1114 3817 1237 3870 omnibus

209 3898 264 3949 283.
282 3898 376 3965 Adli'ce
396 3899 523 3960 ledeos,
550 3900 685 3952 concordie
713 3893 1237 3965 -shwtutuetNunerumadmplevievtr-

176 3975 378 4043 sidemsmtres.
390 3995 403 4021 e
413 3976 463 4028 Hie
474 3977 545 4042 (tib.
558 3975 683 4042 etDrus.)
730 3985 836 4041 tutum,
859 3992 917 4042 qua
936 3973 1080 4046 principem
1095 3973 1241 4027 absolvem-

177 4053 230 4105 ecio
247 4051 371 4121 equidem
383 4052 487 4108 nullum
505 4052 591 4121 abud,
604 4071 685 4123 quem
765 4071 822 4124 eqo.
841 4055 966 4108 Cwadeo
975 4052 1090 4122 fratres,
1107 4051 1172 4104 hes!
1185 4050 1242 4100 εἰπε
