2790 4696
186 336 246 386 xiv
573 311 859 380 PRAEFATIO.

181 459 306 536 sedicet
320 459 369 533 sic
383 457 451 560 ipsi
468 455 644 532 dixissent!
664 458 756 558 qnod
774 485 940 533 summum
961 477 1013 534 est
1032 465 1246 554 tomentatis,

181 619 285 692 quum
297 617 366 663 non
378 588 521 690 ineptia.
535 585 591 661 llti
600 615 679 662 vero
691 587 731 662 de
745 589 869 690 quibus
884 588 940 663 hic
953 618 1078 681 sermo,
1093 624 1161 697 quo
1177 626 1245 674 cer-

180 723 299 811 tiores,
319 750 360 796 eo
376 719 485 827 timidi
499 719 604 816 magis
620 748 656 796 ac
673 719 787 811 dubii3
803 738 836 796 et
854 736 948 823 equa
966 719 1123 799 lectorem
1142 730 1246 831 scrip-

180 872 353 959 toremque
367 853 550 931 reverentia
568 854 785 955 prosequuti,
803 851 888 926 nihii
904 881 1072 955 unquam,
1088 859 1154 932 nisi
1169 887 1244 935 eum

178 986 270 1063 bona
290 986 464 1085 utriusque
480 983 592 1071 venia,
611 984 677 1057 sibi
696 1000 894 1085 proponunt
914 983 1156 1061 immutandum
1173 992 1244 1065 :ita

180 1137 219 1194 ut
234 1117 390 1205 suadere,
409 1132 443 1191 et
461 1142 596 1190 monere
612 1115 746 1216 potius,
769 1143 869 1216 quarn
885 1115 1001 1192 docere
1016 1117 1189 1196 videantur
1211 1140 1246 1196 et

179 1251 375 1351 imperitare.
388 1248 567 1349 Norgen'us
576 1247 710 1349 quidem
718 1275 780 1322 nec
790 1275 884 1322 rarus
896 1248 932 1321 in
941 1249 1166 1348 conjiciendo,
1182 1281 1244 1327 nec

177 1379 292 1456 infelix
306 1409 315 1455 τ
329 1380 441 1480 ipsum
457 1397 566 1454 tamen
579 1379 772 1469 audiamus,
788 1398 999 1456 excusantem
1018 1409 1053 1456 se
1071 1384 1107 1457 in
1126 1385 1243 1485 praesa-

175 1509 324 1587 tiuncula
334 1510 490 1614 quadam,
503 1510 606 1613 quod,
618 1510 819 1608 suffragante
829 1510 924 1586 nullo
932 1512 1120 1615 exemplari,
1130 1502 1242 1591 nescio

177 1647 276 1748 quid,
295 1646 374 1724 licet
395 1646 554 1722 momenti
575 1644 754 1720 admodum
778 1643 876 1733 levis,
902 1646 938 1720 in
960 1664 1086 1722 textum
1112 1648 1243 1724 sivisset

176 1781 329 1883 irrepere.
356 1815 376 1850 «
405 1780 596 1878 Quoniam,
620 1778 746 1879 inquit,
760 1803 864 1878 pauco
888 1778 1051 1879 quadarn,
1071 1782 1241 1881 (quamvis

174 1912 333 1987 subtriurde
355 1911 408 2000 id,
432 1928 466 1985 et
487 1938 583 2012 parce
605 1909 769 1984 maodmn
792 1909 953 2005 fecimus)
976 1913 1239 2002 immutavimus,

174 2044 310 2120 illorum
323 2043 500 2119 admonere
512 2041 668 2118 lectorem
680 2042 864 2132 voluimus,
880 2073 923 2120 ne
940 2044 1016 2146 quis
1029 2044 1113 2120 sorte
1123 2046 1159 2118 id
1169 2075 1241 2120 sus-

175 2179 320 2279 picetur,
338 2205 412 2279 qua
425 2203 490 2250 nos
501 2175 762 2265 emendarimus,
780 2205 820 2250 ex
829 2194 977 2251 vetemm
987 2175 1152 2251 librorum
1163 2206 1241 2253 auo-

175 2313 308 2386 toritate
330 2310 510 2386 emendata.
537 2341 556 2375 »
588 2307 692 2405 Quod
713 2307 768 2381 hic
790 2308 985 2408 Naugerius,
1010 2311 1133 2384 centies
1159 2312 1239 2386 alibi

177 2443 341 2551 Micyllus,
361 2440 526 2543 Crosonus,
543 2458 578 2515 et
592 2439 648 2513 alii
664 2467 890 2542 quoscumque
903 2440 1014 2541 pudor
1030 2443 1152 2532 tenuit,
1170 2473 1239 2520 sese

174 2580 211 2652 in
222 2578 368 2654 auctoris
383 2579 489 2679 ipsius
505 2575 616 2651 locum
630 2591 822 2670 arroganter
834 2572 1029 2648 sufficiendi.

223 2713 437 2813 Quamquam
452 2709 511 2784 illa
526 2710 600 2810 ipsa
620 2725 766 2781 veterum
785 2707 949 2782 librorum
973 2709 1151 2783 auctoritas
1168 2737 1239 2782 non

176 2841 243 2917 dux
258 2842 385 2943 ubique
401 2841 448 2916 ita
462 2838 585 2928 fidelis,
604 2866 678 2939 quae
692 2867 762 2914 non
780 2857 953 2943 sequentes
968 2870 987 2914 a
1003 2856 1090 2914 recta
1108 2840 1160 2914 ria
1181 2838 1241 2914 ali·

177 2973 311 3075 quando
324 2971 480 3060 deducat3
495 2988 545 3061 et,
560 2971 626 3047 nisi
639 2973 742 3047 amica
753 2971 812 3046 iux
824 2973 859 3045 in
869 2973 935 3047 hoc
948 2971 1049 3046 veluti
1061 2970 1240 3047 hetonam

176 3105 333 3181 vanorum
343 3102 515 3205 quadrivio
526 3102 769 3203 trepidantibus
779 3104 935 3202 affulgeat
946 3103 1126 3206 repentina,
1140 3132 1238 3203 qnam

176 3239 373 3328 verendum,
391 3265 450 3327 ne,
469 3264 537 3337 quo
554 3235 667 3338 plures
691 3238 733 3312 ad
759 3269 870 3314 remur
891 3241 965 3329 via,
990 3269 1030 3315 eo
1052 3237 1181 3313 facilior
1203 3237 1238 3311 in

175 3400 321 3448 errorem
333 3369 528 3473 prolapsus!
549 3371 623 3444 Lux
635 3388 745 3445 antem
758 3400 856 3473 qnam
867 3372 959 3460 dico,
978 3371 1060 3473 quid
1070 3370 1160 3445 aliud
1171 3388 1236 3461 est,

175 3505 241 3580 nisi
261 3505 420 3602 sagacitas
442 3501 591 3605 quaedam
608 3503 750 3599 ingenii,
776 3523 809 3579 et
832 3505 927 3607 qnasi
947 3484 1054 3578 tactus
1074 3503 1237 3577 mollisse

176 3634 345 3726 delicatus,
353 3634 549 3738 quivulnus,
558 3635 760 3737 ubicumque
770 3635 879 3724 lateat,
887 3654 995 3710 certus
1003 3633 1236 3736 deprehendat,

175 3796 236 3847 neo
258 3787 344 3845 certe
365 3771 476 3844 minus
501 3769 682 3844 sanandum
706 3769 891 3872 suscipiat?
918 3767 1019 3843 Plene
1038 3769 1106 3842 haec
1127 3764 1236 3842 omnia

177 3901 370 3977 Bmmurrno
380 3902 602 3998 contigerant,
616 3902 673 4004 qui
682 3902 746 3992 vir,
764 3902 829 3976 nisi
842 3901 946 4010 turba
960 3901 1129 3999 religionis
1140 3920 1236 3973 causa

179 4031 306 4110 obortas
320 4062 341 4110 a
355 4031 474 4110 studiis
490 4033 696 4134 frequentius
714 4033 970 4127 abstraxissent,
997 4052 1030 4109 ct
1046 4033 1121 4107 ioco
1137 4024 1236 4101 etiam
