2790 4696
168 364 234 429 258
360 406 362 411 -
503 360 897 431 EPISTOLAXIV.

218 500 367 600 Quaeque
385 498 448 572 tibi
466 499 569 573 tribui
585 526 736 586 munera,
755 499 878 594 dignus
894 498 1016 588 babes3

168 616 229 692 Vel
246 616 296 691 ser
313 646 430 718 opem,
449 614 500 690 vel
518 616 599 690 dede
617 618 705 704 neci3
725 616 946 719 defunctaque
962 620 1030 694 vita
1189 647 1230 698 ns

218 736 369 834 Corpora
384 730 515 806 firrtivis
532 732 670 833 insuper
685 733 768 808 adde
785 734 894 830 rogis3

169 855 217 951 Et*
228 849 330 952 sepeli
347 847 489 922 lacrimis
504 849 640 950 perfusa
656 848 812 925 fidelibus
826 878 918 938 ossa3

218 968 412 1067 Scriptaque
431 964 499 1038 sint
516 965 615 1039 titulo
629 983 744 1040 nostra
761 967 913 1067 sepulcra
929 967 1046 1042 brevi:

168 1081 272 1157 Exsul
291 1083 571 1182 Hypermestra,
589 1080 733 1180 pretium
750 1082 884 1181 pietatis
901 1083 1077 1183 iniquum,

218 1198 327 1293 Quam
344 1211 485 1268 mortem
501 1193 595 1268 fiatri
613 1194 754 1296 depulit,
773 1198 848 1299 ipsa
863 1198 952 1273 tulit.
1189 1224 1230 1276 rto

168 1314 319 1391 Scribere
335 1310 432 1412 plura
449 1307 556 1384 libet:
573 1311 630 1384 sed
646 1313 793 1411 pondere
810 1312 896 1389 lassa
913 1333 1035 1390 catenae

212 1432 275 1503 llst
292 1454 425 1516 manus;
445 1443 479 1500 et
495 1426 581 1501 vines
597 1426 766 1503 subtrahit
783 1430 853 1532 ipse
872 1432 977 1505 timor.
995 1434 1048 1528 (*)

162 1632 247 1688 culau.
264 1630 369 1694 (leden
389 1630 509 1702 Lynceus
525 1631 598 1684 enim
614 1631 676 1704 Hy·
723 1636 798 1700 rapt.
804 1631 909 1703 Duplici
915 1651 994 1687 sensu
1001 1632 1167 1703 accipiendos
1173 1652 1230 1689 cen·

165 1720 337 1782 permnestrte
345 1708 454 1762 maritus
461 1705 623 1775 dictus,uon
631 1709 677 1761 Li-
724 1709 886 1777 seosrutlros
901 1728 978 1780 rogos
994 1730 1076 1764 :nam
1091 1712 1233 1765 intumula-

165 1809 223 1842 nus.
237 1789 277 1840 lta
289 1805 352 1840 eum
368 1785 498 1840 Pindarus
510 1785 638 1859 appellat,
650 1796 678 1840 et
726 1797 780 1840 tam
790 1806 852 1841 sane
864 1787 945 1842 iratus
952 1797 1025 1858 pater
1034 1788 1111 1852 velit5
1125 1807 1205 1858 quam
1212 1791 1234 1843 si

161 1867 319 1933 Pausanias,
333 1875 360 1918 et
371 1862 561 1933 Apollodorus,
574 1874 601 1919 et
614 1864 677 1936 Hy·
726 1864 902 1918 tumulantem
915 1865 1018 1938 laynoea
1029 1864 1234 1935 deprehenderit

164 1947 257 2016 ginus,
271 1942 378 1997 Servius
390 1952 417 1995 et
430 1940 585 1996 scholiastes
601 1938 677 1997 Statii
725 1942 851 2008 Danaus,
864 1943 921 2013 quis
934 1961 996 1997 eum
1006 1943 1106 1997 furenti
1117 1943 1233 2014 eripiet?

166 2042 222 2077 non
240 2039 294 2076 uno
316 2021 380 2074 loro.
405 2019 484 2090 Apud
506 2019 678 2075 Scboliastem
725 2022 896 2075 Ilbdr'ee‘rero
907 2020 943 2074 illi
954 2021 1011 2091 rogi
1022 2020 1233 2075 nonadrnodum

167 2101 320 2156 Germanici
332 2109 421 2154 tamen
434 2108 461 2151 et
473 2098 588 2166 Horatii,
601 2096 678 2152 Statii
725 2097 836 2166 placent.
851 2101 981 2152 Fratrum
995 2098 1091 2152 eratin
1104 2098 1232 2154 leidensi.

167 2176 445 2253 quoqueunoinloco,
458 2178 540 2230 Linus
550 2175 677 2230 mendose
726 2175 825 2244 Forte,
836 2177 981 2246 staterum
1005 2187 1035 2230 ut
1048 2178 1112 2232 velit
1130 2198 1158 2232 se
1175 2176 1231 2232 addi

166 2257 317 2330 appellatur.
333 2254 434 2310 Heras.
725 2255 794 2324 rogis
811 2256 924 2309 fratrum
947 2255 1011 2325 ejus.
1039 2256 1165 2311 Francius
1187 2274 1232 2327 pro

200 2337 254 2402 ¹²4·
279 2336 385 2402 (tueque
405 2333 544 2384 tibr'tn'bsr'
555 2350 675 2394 munem,
725 2335 809 2395 adde,
828 2332 906 2388 vellet
921 2335 987 2387 abde
997 2333 1208 2389 relucebunt.

165 2417 257 2482 diffres
266 2413 353 2464 fades.
370 2409 400 2464 Si
416 2410 517 2479 dapum
529 2419 554 2462 te
571 2408 677 2480 prasti-
761 2410 815 2464 128.
832 2411 978 2481 Scn‘ptaqae
989 2416 1044 2464 sin!
1052 2414 1134 2464 tilulo.
1147 2413 1233 2481 Scalp-

167 2491 243 2558 teris,
256 2508 350 2560 quem,
369 2506 431 2542 meo
442 2487 521 2560 ipsius
536 2487 595 2541 vite
606 2486 678 2557 peri-
725 2493 801 2556 taque
811 2489 898 2559 scripti
907 2489 990 2542 nostri
1000 2507 1093 2543 omncs
1102 2508 1165 2543 cum
1175 2489 1232 2559 pri-

165 2567 242 2634 culo,
260 2566 367 2622 instanti
377 2567 430 2620 fato
442 2564 593 2636 eripuerint
680 2578 682 2584 ·
725 2567 776 2620 mis
793 2565 958 2620 editionibus.
972 2566 1073 2619 Herus.
1090 2596 1125 2608 -
1139 2568 1234 2636 Scn'pta

202 2651 255 2700 125.
277 2649 327 2699 Vel
332 2646 379 2714 ser
391 2665 474 2712 opem,
487 2646 532 2695 oe!
539 2644 603 2697 dede
612 2647 676 2696 neci.
726 2645 818 2715 probat
831 2645 922 2697 burm.
938 2655 965 2697 et
979 2642 1102 2711 exemplis
1119 2655 1234 2700 tuetnre

167 2725 303 2781 Neutrum
315 2724 403 2777 evenit
415 2741 422 2774 ι
432 2722 513 2774 iratus
520 2718 615 2790 quippe
625 2719 677 2775 Da·
727 2721 802 2795 ¹Suet
815 2720 850 2774 in*
858 2718 925 2774 Ces.
936 2720 984 2783 863
1000 2720 1028 2771 in
1044 2719 1111 2789 Aug.
1122 2741 1135 2791 7
1146 2732 1199 2776 etc„

168 2820 250 2870 naus,
264 2801 334 2870 quod
346 2819 400 2854 una
411 2799 438 2852 in
443 2810 483 2853 ter
493 2816 595 2852 sorores
606 2816 677 2852 con-
761 2818 814 2871 rap
825 2798 1169 2869 Exsallfspemnestmetc.
1179 2800 1235 2871 lpaa

166 2882 221 2953 jugi
229 2896 277 2933 suo
285 2879 496 2951 Hypermnestra
504 2876 675 2947 pepercisset,
724 2886 786 2932 sunt
799 2875 897 2944 verba,
920 2893 978 2945 quae
990 2893 1038 2928 suo
1051 2875 1156 2928 tumulo
1171 2878 1235 2950 Hy-

165 2957 329 3030 injudicinan
339 2955 439 3008 vocavit
450 2953 520 3025 apud
532 2954 676 3026 populum,
725 2962 888 3024 permnestra
904 2952 1008 3007 inscribi
1026 2952 1095 3005 velit.
1120 2981 1154 2993 -
1173 2956 1235 3009 Pre-

128 3022 138 3033 ’
167 3054 247 3108 aquo
261 3050 344 3105 qnuna
363 3032 454 3086 fnisset
472 3031 546 3085 omni
565 3032 676 3086 crimine
725 3036 786 3084 tissa
797 3035 904 3099 pr'elatr's
914 3036 1024 3100 utiquam
1032 3035 1097 3083 tulit.
1116 3031 1234 3085 Mortem

168 3115 295 3182 liberata,
311 3110 428 3183 ligneam
449 3120 562 3163 statuam
577 3109 678 3165 Veneri
725 3108 870 3177 nimirum,
890 3126 948 3180 que
968 3114 1079 3180 tarbuam
1097 3129 1160 3163 sane
1174 3114 1234 3179 pie·

168 3196 280 3269 raspo'pp
301 3188 413 3256 dicavit,
437 3205 517 3258 quarn
536 3188 628 3242 vidisse
649 3207 677 3241 se
725 3188 824 3241 labain
834 3187 976 3259 conjugem
986 3187 1109 3256 pertram!

171 3269 313 3325 Pausanias
319 3277 437 3333 testatur,
445 3264 631 3320 Corinthiaco.
641 3285 678 3336 ap
761 3266 816 3319 131.
831 3268 942 3320 Scn'bere
950 3269 1027 3336 plum
1037 3269 1115 3332 libet,
1130 3269 1182 3319 sel
1188 3275 1235 3321 etc

170 3346 371 3420 -Ingratiam
383 3343 479 3397 deinde
489 3343 608 3416 Lynceus
619 3343 677 3396 fer·
728 3339 827 3398 Causas
847 3344 930 3398 adfert
956 3344 1091 3415 geminas,
1114 3363 1163 3398 cur
1180 3361 1234 3396 non

171 3436 214 3479 tur
237 3442 298 3479 cum
317 3423 412 3476 Danao
428 3421 550 3488 rediisse,
572 3430 598 3473 et
618 3418 679 3491 Hy·
727 3420 1155 3493 plurascribat,quamquamrelit
1165 3421 1236 3490 Quia

172 3512 344 3576 permnestroe
361 3520 414 3556 suae
426 3497 559 3570 nupsisse,
580 3518 610 3553 ex
628 3510 679 3569 qua
727 3499 823 3554 scilicet
833 3507 937 3566 caleno,
951 3500 1044 3570 quibus
1053 3500 1235 3570 constringun-

171 3581 256 3635 lilium
273 3582 376 3635 Abanta
396 3577 523 3648 suscepit,
546 3577 590 3649 qni
606 3586 681 3647 pater
729 3589 775 3631 tur
789 3598 900 3646 manus,
918 3577 1047 3634 scribendi
1067 3576 1236 3639 facultatem

172 3657 404 3713 praetereunti.
416 3653 585 3727 Apollodu,
599 3675 626 3723 r,
640 3676 664 3708 a.
729 3662 806 3711 tricor
821 3677 885 3711 vero
904 3677 938 3711 ne
957 3657 1072 3710 scribens
1090 3653 1239 3725 depreben-

184 3742 187 3747 ’
207 3736 261 3789 126.
273 3739 382 3805 Corpora
386 3735 493 3803 sederes
502 3737 605 3802 :insuper
614 3735 682 3786 adde
730 3733 824 3802 datur,
840 3735 1018 3804 eloquentiam
1032 3734 1191 3788 subtrahant.

209 3874 243 3939 (*)
258 3873 320 3926 Non
336 3871 498 3944 aproposito
514 3882 607 3925 nostro
626 3871 742 3924 alienum
763 3882 881 3939 nuquam
899 3873 1096 3941 reputavimus,
1116 3874 1138 3926 si
1156 3871 1237 3942 qnid,

174 3954 246 4008 inter
257 3956 458 4024 adnotandum,
481 3956 556 4010 nobis
567 3965 716 4009 occurreret
725 3954 795 4008 baud
807 3955 944 4011 infeliciter
958 3979 973 4012 a
983 3961 1079 4014 nostris
1090 3961 1238 4024 imitatum,

175 4039 324 4111 adponere,
346 4060 401 4095 non
411 4039 492 4094 modo
504 4040 537 4094 ad
549 4039 749 4095 illustrationem
765 4038 822 4108 rei,
841 4039 886 4093 sed
900 4039 933 4094 ad
949 4053 1137 4117 ornamentum
1158 4042 1239 4095 etiam

176 4125 280 4194 operis,
304 4121 376 4203 quod
396 4142 412 4177 a
428 4121 508 4176 Gallis
525 4121 694 4188 institutum,
720 4120 851 4179 Gallicum
869 4123 994 4195 quiddam
1018 4146 1109 4196 sapere
1129 4126 1238 4193 decuit;
