2754 5160
156 759 224 844 416

373 757 443 824 An
472 754 668 827 LIVIAM
691 752 989 825 AUGUSTAM

201 898 396 968 Fonnarent
412 894 527 967 oculos
544 896 863 995 comprimerentque
876 896 984 969 meos!

1153 917 1222 1007 ‘160

154 1008 257 1107 Quod
272 1005 365 1093 licet,
381 1006 446 1079 boc
464 1024 550 1081 certe
569 1006 696 1081 tumulo
712 1037 878 1109 ponemur
891 1010 1025 1096 inuno,

202 1123 328 1209 Drusc;
342 1148 450 1220 neque
467 1120 508 1194 ad
525 1137 650 1195 veteres
667 1123 823 1197 conditus
836 1123 903 1197 ibis
920 1151 1011 1197 avos.

153 1238 326 1315 Miscebor
343 1236 511 1337 cinerique
527 1237 628 1324 cinis,
642 1255 740 1338 atque
759 1239 892 1317 ossibus
906 1266 991 1314 ossa.

202 1356 298 1427 Hanc
316 1350 423 1427 lucem
440 1350 538 1426 celeri
555 1353 689 1428 turbine
707 1355 809 1428 Parca
824 1355 921 1428 neat!
942 1386 959 1420 >s

154 1472 232 1545 Haec
250 1487 284 1543 et
299 1466 395 1569 plura
412 1465 535 1540 refert:
550 1466 764 1543 lacrimaesua
781 1470 881 1543 verba
898 1484 1106 1569 sequuntur,
1180 1488 1225 1542 rut

204 1586 341 1684 Oraque
357 1583 579 1682 nequicquam
596 1612 657 1684 per
671 1584 775 1657 modo
793 1601 908 1684 questu
924 1582 1045 1656 llunnt„

157 1700 251 1799 Quin
268 1699 366 1774 etiam
384 1725 523 1798 corpus,
542 1700 639 1771 matri
655 1699 710 1772 vix
726 1699 846 1798 vixque
859 1697 1052 1785 remissum,

102 1849 107 1858 ·
204 1815 382 1915 Exsequiis
399 1815 520 1902 caruit,
541 1814 653 1901 Livia,
673 1841 757 1915 pene
775 1813 854 1886 suis.

158 1931 293 2031 Quippe
309 1930 425 2003 ducem
442 1929 565 2002 arsuris
584 1929 745 2003 exercitus
763 1927 872 2000 omnio
889 1927 925 2000 in
940 1927 1062 2016 armis,

203 2049 383 2147 Interque
400 2044 514 2146 periit,
532 2072 658 2145 ponere
676 2061 785 2118 certus
802 2060 881 2118 erat.

1176 2080 1223 2135 ¹7⁰

155 2162 307 2237 Abstulit
321 2162 433 2235 invitis
450 2189 573 2262 corpus
589 2158 776 2235 venerabile
792 2159 908 2246 buten

203 2280 249 2349 Et
265 2277 413 2350 Drusum
429 2275 557 2376 patrie,
573 2275 664 2376 quod
679 2274 856 2375 licuitque,
871 2272 973 2348 dedit.

156 2493 252 2546 Plenus
268 2492 309 2545 bic
324 2492 496 2546 miserationis
509 2502 537 2546 et
553 2490 661 2562 quidem

154 2570 306 2623 dulcissimos
323 2571 411 2636 lorus,
434 2570 478 2638 qui
496 2570 570 2622 nobis
586 2571 662 2639 ponit

709 2493 793 2546 tinere
809 2510 864 2545 non
875 2490 1021 2561 potuissent
1031 2530 1040 2559 ,
1057 2489 1117 2544 duci
1127 2489 1218 2545 saltem

708 2580 914 2623 monumentum
932 2570 1011 2622 inane
1029 2567 1157 2638 quidem,
1174 2568 1218 2622 sed

154 2649 189 2701 ob
205 2648 292 2701 oculos
309 2647 371 2700 binc
389 2657 416 2700 et
432 2645 492 2700 inde
512 2658 587 2700 natos
601 2666 663 2699 mo-
707 2645 873 2718 splendidum
893 2657 1059 2716 posuerunt,
1090 2645 1124 2698 ad
1142 2646 1217 2700 Rbe-

155 2727 244 2779 riturae
258 2725 336 2779 matri
350 2723 508 2790 assidentes,
531 2725 662 2796 excipien-

155 2816 245 2874 tesque
257 2815 401 2858 extremam
411 2803 542 2868 animem,
561 2812 588 2855 et
597 2821 662 2856 ocu-

154 2882 192 2934 los
204 2883 245 2950 pia
257 2901 338 2935 manu
351 2881 551 2951 componentes!

192 2961 244 3012 161.
265 2962 341 3025 Quod
355 2964 430 3021 lr'cet,
451 2962 499 3012 hoc
514 2964 593 3019 certe,
615 2963 661 3009 tn-

154 3041 220 3088 mulo
236 3055 409 3104 componemus
421 3040 448 3086 r'u
467 3055 522 3087 uno.
556 3034 662 3087 Ocede

155 3112 297 3182 legendum
324 3113 449 3166 monebat
473 3113 604 3165 Heinsius.
629 3138 662 3152 -

161 3192 264 3242 ramulo
278 3196 305 3241 in
318 3210 374 3242 uno.
395 3190 427 3241 ln
444 3189 576 3241 mausoleo
596 3187 662 3241 Cre-

154 3284 259 3331 sarum,
279 3285 335 3318 non
350 3267 378 3318 in
395 3276 570 3318 monumento
585 3264 662 3319 Clau·

157 3343 206 3397 dit
217 3342 257 3396 vel
268 3339 348 3395 Lirim
359 3342 458 3411 gentis3
478 3352 505 3395 et
519 3342 553 3396 ita
564 3344 662 3398 sactum

154 3420 231 3475 fuisse
244 3431 333 3475 narrat
344 3419 397 3472 Dio
410 3418 481 3474 Cass.
490 3437 532 3473 tv.

191 3500 245 3554 163.
254 3499 384 3554 Miscebat
391 3500 515 3567 ciuen'que
525 3502 596 3551 cebri.
605 3498 662 3552 Nec

154 3588 216 3630 voto
238 3576 347 3639 excidit;
374 3595 437 3630 nam
456 3576 484 3629 in
504 3574 598 3629 eodem
618 3587 662 3629 tu-

156 3654 243 3721 mulo,
263 3674 316 3724 quo
330 3654 450 3721 Drusus,
470 3653 542 3707 Livia
556 3655 661 3708 condita

154 3731 217 3794 suit;
226 3741 290 3785 teste
297 3731 421 3801 scriptore
431 3729 541 3799 eodem,
552 3732 660 3785 ineunte

153 3810 197 3863 lib.
210 3826 285 3862 cvm.
293 3837 326 3848 -
336 3808 500 3874 Conferant,
513 3810 558 3877 qui
570 3809 661 3863 talibus

155 3886 335 3953 delectantur,
348 3888 494 3941 orationem
506 3885 574 3940 banc
582 3886 661 3941 Lirin

155 3983 216 4017 curn
225 3965 309 4018 verbis
319 3965 448 4030 Evandri,
463 3965 524 4018 AEn.
536 3981 579 4031 xt,
599 3966 659 4030 152,

156 4061 234 4112 super
244 4043 399 4096 exstinctum
410 4041 527 4095 Pallanta
536 4060 661 4112 procum·

156 4118 255 4188 bentis,
265 4122 478 4192 erumpentisque
488 4121 516 4175 in
526 4120 571 4175 bas
578 4140 661 4176 voces:

154 4200 200 4239 Non
208 4202 256 4250 bne,
264 4204 344 4249 oPelte,
352 4203 431 4242 dedens
440 4205 532 4255 promises
541 4206 614 4256 parenti
620 4208 660 4244 ete'·

191 4273 243 4341 167.
264 4277 330 4340 (luris
340 4280 416 4328 etrum
431 4296 518 4346 corpus
532 4284 660 4331 matn'or'ae

154 4353 246 4416 oreque
269 4358 404 4406 cencessum.
431 4355 456 4408 Is
475 4365 530 4408 erat
546 4354 658 4407 militum

709 2744 792 2792 num,
810 2726 869 2795 ipsis
887 2726 915 2778 iu
935 2725 998 2778 locis
1011 2725 1057 2777 ubi
1070 2723 1218 2778 Gennsno-

709 2823 769 2858 rum
780 2805 911 2874 impetum
922 2803 955 2856 ad
968 2815 1076 2873 tempus
1084 2805 1203 2873 fregerat

744 2901 798 2952 ¹7¹·
816 2884 910 2934 Frater:
921 2880 1065 2947 Tiberius,
1086 2880 1147 2949 qui,
1166 2898 1217 2931 au·-

709 2958 763 3012 dita
773 2958 814 3009 vir
821 2958 907 3011 fratris
915 2957 1085 3017 valetudine,
1103 2956 1135 3009 ed
1146 2956 1216 3009 illum

710 3034 851 3102 advolavit,
865 3034 1037 3104 defunctique
1046 3054 1138 3104 corpus
1148 3056 1161 3079 a
1168 3052 1216 3103 pe-

710 3111 785 3166 dibus
795 3122 851 3165 toto
860 3112 954 3166 itinere
966 3111 1152 3183 pregrediens,
1162 3109 1215 3162 Ro·

710 3211 781 3245 mam
793 3211 874 3261 usque
887 3192 1004 3262 pervexit
1018 3215 1039 3245 ι.
1052 3190 1089 3244 Ab
1098 3189 1146 3242 boc
1157 3204 1214 3239 uno

710 3269 846 3323 Tiberium
865 3287 976 3322 omnem
997 3268 1073 3323 dista
1093 3266 1159 3318 lieet.
1179 3294 1214 3305 -

710 3348 779 3401 Rem
791 3347 871 3401 fusius
886 3356 994 3415 namot,
1015 3365 1062 3401 nec
1072 3342 1214 3397 adulatorie

710 3426 798 3479 minus
810 3425 867 3479 Vat
879 3426 988 3479 Maxim.
999 3444 1024 3477 v.
1036 3428 1058 3478 5.
1073 3421 1215 3475 «Tantum

710 3523 827 3558 amorem
840 3504 978 3572 princeps,
992 3503 1096 3572 inquit,
1109 3519 1216 3570 parens·

710 3601 760 3652 que
782 3590 871 3633 noster
894 3580 1004 3633 insitum
1025 3579 1115 3632 animo
1133 3578 1217 3631 fratris

709 3658 791 3711 Drusi
806 3656 933 3721 babebat,
959 3666 988 3709 ut
1013 3674 1098 3725 quum
1115 3654 1216 3721 Treini,

709 3755 762 3806 quo
780 3737 862 3788 victor
877 3734 1011 3803 bostium,
1037 3736 1070 3790 ad
1084 3736 1218 3807 complec-

709 3810 802 3864 tendos
819 3821 939 3881 parentes
958 3823 1086 3878 venerat,
1110 3810 1217 3883 graviil·

708 3890 764 3943 lum
772 3900 798 3944 et
806 3890 948 3960 periculosa
956 3889 1109 3944 valetudine
1121 3892 1149 3943 in
1159 3889 1218 3944 Ger

708 3969 795 4021 mania
819 3966 945 4020 fluctuare
969 3979 1133 4038 cognosset,
1156 3986 1218 4039 pro-

707 4043 849 4099 indemetu
857 4045 982 4098 attonitus
995 4057 1161 4115 erumperet
1171 4046 1219 4100 lter

708 4142 812 4193 quoque
825 4142 903 4192 quarn
911 4122 1039 4192 trepidum
1052 4134 1077 4176 et
1091 4143 1218 4195 preceps,

708 4203 748 4255 vel
765 4213 794 4256 ut
812 4203 973 4272 uno·spiritu
987 4205 1169 4276 corripuerit,
1190 4223 1218 4259 eo

707 4288 795 4348 patet,
819 4279 889 4347 quod
914 4280 1017 4351 Alpes,
1041 4283 1216 4353 Rhenumque

707 4367 879 4426 transgressus
896 4357 937 4411 die
956 4379 985 4413 ac
1001 4372 1101 4429 nocte,
1123 4373 1216 4417 mutato

155 4445 230 4479 amor
247 4428 274 4479 in
291 4429 428 4497 Drusum,
452 4443 480 4485 ut
498 4432 659 4501 auferendum
706 4432 815 4487 subinde
831 4454 916 4503 equo,
933 4436 1050 4491 ducenta
1063 4441 1214 4508 milliapss·

153 4504 214 4573 ipsis
226 4504 304 4560 suerit
315 4524 422 4577 corpus,
439 4509 508 4577 quod
522 4528 604 4578 quum
615 4530 659 4569 re·

707 4529 802 4578 snum,
818 4531 865 4582 per
881 4512 963 4566 modo
977 4514 1113 4572 devictam
1125 4515 1217 4573 uuor
