2790 4696
356 322 1031 394 rnruursnaruornoourr.
1185 328 1229 420 ³9

160 462 279 539 Adfuit
295 461 429 549 Alecto,
448 460 607 535 brevibus
627 478 781 561 torquata
798 463 962 552 colubris;
1032 474 1035 480 ’

211 581 363 679 Suntque
380 576 554 679 sepulcrali
571 577 696 652 lumina
713 595 805 651 mota
820 577 899 652 sace.
1182 617 1228 652 120

163 698 284 770 Maesta
301 713 409 769 tamen
426 691 581 795 scopulos
598 693 823 795 fruticosaque
840 692 938 767 litora
955 691 1063 783 calco;

213 812 355 911 Quaque
373 827 486 910 patent
504 807 609 884 oculis
627 837 761 910 aequora
778 809 843 883 lata
859 810 957 897 meis,

164 928 240 1001 Sive
258 927 309 1001 die
327 926 454 1000 laxatur
469 924 608 1012 burnus,
628 954 686 1000 seu
704 925 823 1021 frigida
841 924 952 1000 lucent

212 1041 340 1129 Sidera,
359 1042 547 1144 prospicio,
567 1041 642 1142 quis
659 1040 743 1114 freta
760 1059 876 1115 ventus
894 1059 978 1136 agat.

163 1159 208 1230 Et
223 1185 428 1258 quaecunque
446 1156 563 1257 procul
581 1157 745 1230 venientia
761 1155 863 1230 lintea
880 1156 962 1244 vidi,
1183 1181 1230 1234 125

209 1272 367 1346 Protinus
384 1271 441 1344 illa
459 1300 551 1346 meos
569 1300 714 1367 auguror
730 1300 800 1345 esse
818 1274 918 1344 Deos.

162 1389 201 1460 In
217 1388 300 1462 freta
317 1417 498 1491 procurro,
517 1389 571 1461 vix
587 1418 639 1463 me
656 1387 877 1462 retinentibus
894 1385 1010 1475 undis,

208 1502 340 1578 Mobile
359 1532 423 1604 qua
440 1504 564 1604 primas
581 1503 724 1605 porrigit
741 1530 856 1603 aequor
872 1528 983 1601 aquas.

162 1759 251 1815 tiara,
272 1772 303 1808 tv
329 1755 401 1828 Sylv.
423 1754 514 1808 Carm.
533 1772 582 1824 ur,
605 1759 653 1828 59:
719 1755 746 1807 in
759 1754 895 1805 Heror'duor
906 1752 1029 1819 epistolas
1039 1748 1174 1803 annotavit
1188 1750 1229 1803 vir

210 1845 330 1895 Hispanus
343 1846 579 1894 (nomentano)
718 1831 882 1884 hereditario
902 1829 929 1880 in
946 1827 1037 1880 litteris
1055 1827 1168 1895 antiquis
1184 1829 1226 1879 fa-

211 1911 327 1949 looiusretn
336 1912 445 1950 miscuisset
457 1912 548 1949 isthmos.
718 1929 786 1974 ωε,
815 1907 855 1960 C}
879 1907 1005 1975 Lennep,
1026 1906 1101 1974 cuju!
1124 1905 1165 1956 vel
1187 1905 1228 1973 ip-

166 1983 257 2052 Quem
267 1984 354 2037 locum
366 2023 374 2050 ,
385 1984 444 2052 quia
461 2003 516 2037 non
527 1995 668 2054 caperent,
718 2006 776 2041 sum
793 2004 892 2037 nomen
906 1984 1028 2037 meritam
1040 1983 1067 2035 in
1081 1983 1158 2035 rebus
1169 1982 1227 2035 cri-

164 2064 206 2114 vix
221 2061 342 2114 credibile
355 2061 486 2129 quomodo
498 2064 615 2114 vexarint
627 2064 670 2115 in·
718 2064 774 2118 ticis
790 2062 970 2115 auctoritatem
991 2059 1109 2113 servabit.
1126 2060 1225 2124 Porro,

164 2147 300 2207 tet-pretet.
316 2137 400 2190 Testis
416 2137 454 2191 Cl.
473 2138 621 2192 Markland.
637 2138 670 2191 ad
718 2141 805 2194 locum
819 2139 889 2193 bunc
898 2140 934 2192 ita
944 2137 1080 2207 distinguit
1092 2147 1119 2190 et
1134 2155 1227 2189 emen-

164 2216 254 2269 locum
264 2215 379 2268 citatum.
719 2216 914 2284 dat,suadente
926 2216 1024 2286 collega
1036 2225 1126 2269 nostro
1136 2213 1227 2268 doctas.

201 2313 255 2364 ¹¹9·
276 2295 405 2361 Torquato.
414 2292 491 2347 sicet
501 2298 622 2363 tenuate
631 2312 670 2347 co·
718 2297 885 2349 Bot'ssooade.

163 2373 247 2422 lubre.
258 2369 379 2423 Priscian.
391 2371 520 2443 Periegcs.
529 2392 554 2441 p.
565 2372 626 2443 395:
718 2383 1215 2436 Mastarmscopntmtrutimquetironealeo:

162 2461 259 2499 Psittacus
266 2459 298 2497 hic
306 2460 374 2499 viridia
381 2461 483 2500 decorata·
492 2470 561 2513 torque
569 2460 646 2499 rubenti
742 2458 827 2509 Quaque
836 2466 901 2509 putent
909 2458 971 2496 oculis
978 2470 1056 2509 'quon
1063 2457 1103 2494 lata
1115 2458 1162 2494 meir
1170 2484 1177 2502 ,

162 2524 263 2563 Nfflllflr·
719 2531 778 2580 (Sive
788 2530 819 2569 die
831 2530 909 2570 laxatur
917 2529 1003 2578 hunus,
1016 2544 1051 2569 uu
1058 2529 1129 2580 frigida
1137 2530 1203 2568 tumr

162 2597 253 2651 Hom,
264 2598 312 2669 ΕΡ
323 2596 377 2653 Od
390 2616 417 2665 v,
434 2602 463 2653 15
472 2619 479 2652 ς
742 2604 822 2652 Sidon,
832 2604 840 2653 )
849 2604 945 2655 prospicio
953 2604 998 2656 quit
1006 2602 1056 2641 tm«.
1065 2611 1135 2641 ventus
1145 2609 1194 2652 ngat.

195 2689 377 2727 canidiabmbus
385 2690 485 2740 impuno
494 2689 568 2741 viperis
719 2675 783 2744 Qua
796 2675 897 2729 ratione
915 2676 1001 2730 omnis
1013 2675 1151 2730 difficultas
1171 2673 1226 2728 tol-

195 2756 277 2795 Euioet.
491 2758 572 2797 llum·
717 2753 787 2806 fitur,

161 2826 299 2905 Vossianus
309 2869 317 2897 ,
329 2829 462 2898 latasace.
479 2830 579 2883 Buten.
754 2832 807 2884 123.
826 2833 957 2895 laxatur,
976 2831 1099 2902 aperitur.
1113 2830 1227 2883 Terram

193 2907 671 2976 rar.Moestatameoetc.Quamquam
717 2907 1228 2979 nocturnosrigoreconstrictamsolma·

161 2982 227 3036 nulla
238 3004 296 3053 spes
304 2984 408 3038 reditus
423 2985 456 3038 sit
470 2986 585 3051 miserae,
596 2989 672 3038 litora
719 2986 818 3040 tutinus
830 2987 929 3058 tepenti
937 2984 1228 3055 calorelaxatetaperit.

160 3069 244 3113 tamen
252 3065 351 3123 calcat,
360 3072 387 3115 et
396 3081 447 3131 qua
455 3074 540 3131 potest
548 3063 670 3117 latissime
719 3065 792 3136 Virg.
804 3063 900 3136 Georg.
915 3083 954 3133 11,
967 3067 1029 3120 330:

162 3156 255 3205 equom
264 3140 403 3209 prospicit,
414 3150 444 3192 ut
456 3140 511 3193 vela
520 3139 671 3210 deprehen·
754 3180 789 3197 ...
803 3155 929 3208 zephyrique
939 3157 1049 3208 remotus
1056 3153 1111 3194 aurit

163 3211 220 3280 (lai,
239 3216 259 3267 tl
280 3235 339 3286 qut
357 3216 516 3271 redeunlem
538 3217 671 3288 Demoph.
754 3229 954 3268 Lurantmutnm.

163 3291 293 3345 nuntient
300 3295 382 3348 Recte
391 3295 553 3365 igiturlitoro
561 3307 672 3365 etequo·
754 3301 807 3354 126.
823 3304 967 3354 Meos.........
985 3303 1064 3353 Deos.
1084 3297 1147 3351 Non
1165 3314 1227 3349 sane

163 3384 212 3431 m‚'
226 3387 276 3422 nec
297 3371 439 3440 quidquam
456 3373 669 3441 immutandum,
718 3379 828 3432 numina
847 3378 943 3448 quaevis
962 3377 1027 3430 mibi
1047 3371 1179 3444 propitia,
1198 3385 1229 3427 ut

162 3455 260 3513 preter
276 3443 316 3498 Cl.
330 3447 477 3504 Burmanni
494 3451 670 3518 sententiam,
685 3519 689 3527 .
718 3456 871 3512 voluntsere
883 3453 1068 3509 omneszsolus
1077 3461 1116 3504 est
1124 3451 1170 3520 ipsi
1180 3471 1228 3522 pro

163 3522 209 3590 qui
216 3522 334 3576 multum
342 3524 384 3579 hic
393 3528 537 3599 inutraque
548 3529 633 3599 ipsum
644 3549 671 3582 sc
718 3535 977 3588 cunctisnunrinibus
986 3527 1172 3598 Demophoon.
1184 3528 1229 3583 Sic

162 3610 191 3653 et
205 3600 335 3654 lectorem
355 3613 470 3676 torquet,
487 3618 515 3662 et
530 3606 672 3678 legendum
719 3611 837 3680 Euripid.
848 3610 965 3680 Iphigen.
973 3609 1001 3661 in
1012 3607 1073 3661 Aut.
1081 3618 1108 3661 et
1117 3610 1225 3673 Racr'oe,

162 3676 273 3731 tandem
288 3681 427 3750 proponit:
720 3688 804 3759 Iphig.
813 3697 860 3742 act
872 3688 902 3753 3,
911 3707 945 3741 sc.
957 3689 979 3739 5.

162 3765 234 3806 Muta
247 3777 313 3809 tam
326 3773 430 3824 scopulos,
444 3774 577 3828 fruticosaque
586 3775 673 3816 cadmina
867 3802 899 3816 ...
917 3775 968 3815 Vour
977 3769 1149 3815 dorononiam

223 3843 296 3889 “¹⁶⁰2
718 3854 759 3893 Son
764 3852 814 3904 pire
818 3880 827 3902 ,
836 3864 869 3889 ron
875 3851 942 3902 ὃμοια
946 3879 955 3901 ,
966 3863 1001 3888 ton
1009 3850 1064 3902 asyle
1070 3879 1079 3901 ,
1088 3864 1116 3889 tor
1123 3850 1193 3890 dim.

184 3913 269 3966 ΩΨ
277 3922 344 3967 putent
352 3919 532 3960 mmmm
540 3922 596 3960 '¹¹⁶⁴'-
756 3926 808 3978 υἱὲ
826 3926 922 3978 Mobile
932 3942 987 3993 qna.
998 3922 1154 3994 legendum
1166 3932 1230 3993 puto
1256 3966 1263 3983 ,

164 3994 226 4052 Hoc
237 4018 286 4069 ego
294 4021 304 4065 ;
313 4021 377 4057 cum
387 4004 495 4058 tortum
506 4003 620 4073 quadam
630 4003 674 4056 in·
719 4019 782 4074 quo,·
796 4022 847 4072 qua
859 4012 966 4070 autem,
979 4001 1005 4055 id
1022 4013 1061 4056 est
1075 4006 1128 4067 udi,
1142 4002 1229 4055 minut

165 4082 314 4134 termarius
334 4099 409 4135 meaa
428 4080 596 4152 inciderunt,
615 4099 674 4150 quo
720 4081 837 4135 hocloco
847 4082 976 4152 congruit.
988 4079 1066 4134 ctor.
