2754 5160
153 755 218 840 460
346 784 354 795 -
430 750 469 815 P.
502 743 934 818 0v1o11uasou1s

152 891 208 966 Fit
224 913 357 988 quoque
376 884 416 959 de
435 900 539 972 creta,
558 882 688 985 qualem
705 882 833 958 celeste
849 880 991 978 liguram

200 1003 317 1089 Sidus,
336 1000 420 1075 etin
436 1000 557 1074 Grecis
574 997 670 1073 litera
689 1016 806 1099 quarta
825 998 921 1095 gerit

153 1120 233 1193 Haec
249 1119 309 1191 ubi
328 1116 484 1190 distincta
503 1133 554 1189 est
571 1115 750 1211 gradibus,
768 1114 826 1215 qui
842 1114 996 1190 constitit
1012 1114 1128 1206 intus,

202 1236 298 1330 Quot
315 1232 424 1328 tetigit
440 1231 554 1326 virga,
575 1247 626 1304 tot
641 1230 731 1331 rapit
747 1229 825 1305 iude
842 1258 954 1306 nuces.

153 1349 221 1423 Vas
240 1377 372 1449 quoque
390 1375 476 1447 saepe
492 1373 628 1434 cavum,
647 1345 757 1447 spatio
774 1345 934 1435 distante,
953 1345 1100 1436 locatnr3
1192 1369 1225 1422 85

204 1466 244 1536 ln
263 1464 354 1564 quod
372 1463 472 1536 missa
488 1461 552 1535 levi
567 1491 637 1536 nur
655 1461 751 1538 cadat
765 1491 832 1537 uua
848 1492 972 1539 manu„

154 1577 263 1667 Felix,
282 1595 406 1653 secreto
427 1605 499 1678 quae
512 1595 589 1652 nata
606 1595 657 1653 est
674 1578 773 1652 arbor
789 1579 826 1651 in
843 1607 939 1665 arvo;

205 1697 251 1767 Et
267 1693 331 1767 soli
349 1693 485 1767 domino
503 1694 587 1768 serre
606 1694 732 1768 tributa
747 1696 880 1795 potest!

154 1811 232 1885 Non
248 1809 423 1883 hominum
440 1811 599 1912 strepitus
616 1810 729 1898 audit,
748 1836 818 1883 non
830 1808 888 1884 illa
901 1825 1077 1896 rotarum

203 1926 282 2001 Nou
299 1955 319 2000 a
336 1925 445 2001 vicina
461 1925 691 2027 pulverulenta
706 1925 759 2002 via
772 1942 831 2001 est
1190 1961 1224 2013 ῳ

155 2174 235 2210 nuces
252 2155 362 2212 scilicet!
388 2176 501 2226 qtrarum
519 2176 664 2212 numerum
966 2168 1017 2219 Qu
1024 2166 1176 2207 mutui-m

156 2236 292 2286 dr'virando
318 2235 473 2302 conjecerat.
515 2235 599 2289 Totus
622 2234 664 2288 hic
737 2238 1179 2293 Qw¹¹⁰¹³s³¹virttnt⁰¹⁰¹r⁶ffl⁸m

155 2312 247 2383 plenus
268 2312 404 2382 elegantius
419 2313 510 2377 locus3
534 2323 560 2366 et
579 2312 664 2365 varius
715 2310 750 2367 Et
769 2314 804 2367 ita
827 2313 936 2384 explicat
953 2310 1051 2367 :Delta
1065 2310 1224 2366 Γπιωτωι

117 2389 123 2400 ’
158 2409 263 2458 semper
277 2401 354 2460 poeta
376 2391 404 2443 in
423 2390 593 2445 describendo
613 2409 664 2442 va-
714 2389 865 2460 triangulari
881 2391 967 2443 forma
983 2389 1159 2459 pingebatur,
1184 2388 1225 2442 id·

158 2467 211 2521 rios
222 2487 365 2538 puerorum
374 2468 462 2535 lusus,
481 2488 542 2522 cum
551 2468 611 2538 ipsis
621 2467 667 2520 vi-
714 2487 765 2538 que
777 2467 896 2538 gradihus
911 2468 1026 2522 invicem
1040 2467 1224 2538 distingueba-

159 2543 237 2598 detur
246 2545 392 2608 colludere;
409 2565 495 2615 neque
505 2546 565 2599 ideo
577 2564 667 2598 rerum
714 2557 765 2600 tur.
786 2544 958 2602 Colludentes
970 2565 1035 2617 ergo
1048 2548 1125 2616 pueri
1136 2544 1224 2615 procul

161 2623 314 2693 gravitatem
326 2622 410 2676 verbis
422 2643 531 2692 usquam
540 2623 632 2677 elevat.
713 2633 810 2677 euntes
828 2642 908 2677 nuces
920 2623 1035 2693 singulas
1050 2623 1080 2675 in
1097 2622 1224 2677 Deltoton

191 2701 230 2754 81.
248 2703 292 2753 Fu
299 2721 399 2770 quoqne.
408 2701 532 2755 Tertium
542 2702 612 2756 lusus
621 2721 668 2772 ge·
714 2701 872 2768 mittebant,
890 2710 916 2753 et
932 2700 1117 2770 cujuscunque
1133 2719 1186 2753 nun
1196 2699 1223 2751 in

159 2797 209 2833 nus
237 2779 365 2834 describit
395 2779 434 2832 Ex
458 2790 529 2834 creta
552 2781 668 2850 pingitur
713 2778 758 2832 illo
775 2779 904 2832 schemate
923 2778 1101 2846 consistebat,
1122 2787 1161 2831 tot
1178 2776 1222 2830 lu·

158 2858 243 2927 ampla
257 2857 340 2928 ligura
348 2857 490 2928 triangula,
503 2859 606 2928 qualem
618 2857 667 2911 ha·
714 2858 834 2912 trabatur
844 2877 939 2924 nuces,
952 2868 1019 2927 quot
1031 2857 1154 2928 tangebat
1166 2857 1222 2909 rir-

158 2933 204 2987 bet
221 2935 290 3005 apud
305 2935 411 2990 Grecos
432 2941 504 2991 Δέλτα
525 2936 666 3005 majuscula
715 2956 773 3007 gas,
791 2956 837 2990 seu
852 2935 950 3000 lineas3
968 2937 992 2990 si
1008 2956 1072 2990 vero
1084 2937 1221 2989 nuxmissa

157 3012 242 3065 forma
258 3015 393 3082 scriptum.
409 3014 538 3069 Eamdern
553 3016 665 3084 liguram
714 3012 823 3066 Deltoto
834 3014 937 3083 penitus
948 3013 1117 3084 emigrasset,
1135 3013 1222 3066 missio

158 3088 227 3155 apud
240 3089 377 3159 AEgyptios
388 3110 466 3144 cursu
478 3110 525 3145 suo
541 3094 601 3146 sacit
617 3093 667 3146 Ni·
713 3091 761 3146 ista
772 3103 829 3146 erat
837 3092 928 3161 irrita,
941 3105 969 3148 et
979 3095 1044 3148 alins
1054 3114 1085 3146 ex
1094 3092 1166 3146 sociis
1176 3090 1219 3144 ad·

158 3167 199 3219 lus
211 3186 217 3219 :
229 3167 300 3219 uude
313 3179 339 3220 et
351 3169 408 3222 loco
427 3190 526 3224 nomen
542 3171 665 3224 inditum.
714 3169 873 3222 mittebatur.
883 3169 983 3238 Recte,
994 3181 1022 3223 ut
1028 3169 1131 3239 quidem
1137 3177 1218 3238 puto,

160 3243 196 3297 Et
215 3243 275 3297 huic
290 3244 379 3297 similis
394 3245 541 3298 ostenditur
559 3247 586 3299 in
602 3247 665 3300 ooelo
714 3247 1118 3318 Sentlebius,quiuberiusbunc
1128 3247 1221 3301 locum

156 3343 236 3394 super
259 3336 337 3393 caput
355 3325 459 3378 Arietis.
492 3326 551 3380 Hac
571 3337 665 3380 notant
713 3325 841 3380 illustrat:
858 3345 921 3379 nam
934 3333 1068 3380 consistere
1078 3344 1134 3378 nux
1148 3323 1221 3378 dici-

158 3414 211 3457 tres
226 3403 322 3471 uelle,
349 3405 448 3460 duabus
464 3406 539 3461 lineis
553 3408 665 3476 tequali-
713 3407 1093 3475 tur,queemanuemimet
1103 3404 1220 3469 evoluta,

157 3484 222 3550 bus,
243 3486 319 3538 tertia
333 3486 452 3540 breviore
473 3502 479 3536 :
500 3487 546 3541 sed
563 3507 621 3558 que
636 3488 664 3541 in
714 3486 821 3554 quiescit
838 3497 865 3539 et
876 3505 984 3540 cursum
996 3487 1071 3554 finit,
1089 3497 1120 3540 ut
1131 3485 1220 3538 millies

158 3563 254 3631 angulo
272 3564 373 3616 stellam
395 3564 532 3618 clariorem
551 3564 663 3632 babeat,
712 3581 743 3615 ea
757 3581 805 3615 vox
817 3563 936 3617 occurrit
946 3563 1046 3618 Bou.

159 3637 245 3693 Greci
258 3644 366 3695 citreae»
386 3641 524 3710 appellant
542 3643 574 3695 ln
590 3641 664 3696 lineis
746 3642 785 3695 85.
807 3645 860 3696 Vas
877 3662 980 3712 quoque.
1002 3641 1131 3696 Meminit
1146 3639 1221 3708 buius

157 3717 244 3786 itaque
251 3719 325 3788 pictis
336 3721 589 3788 ,certisintervallis‚
599 3741 664 3792 quos
711 3717 782 3772 lusus
801 3730 827 3773 et
840 3720 945 3774 Persius
959 3735 966 3769 τ
979 3722 1018 3774 El
1028 3726 1146 3788 anguste
1159 3721 1222 3771 collo

157 3794 386 3861 bicgmdnsvocat‚
394 3799 570 3868 disponuntur
577 3818 663 3853 nucea.
711 3812 762 3847 non
768 3795 864 3863 fallier
871 3816 942 3850 orcae.
956 3796 1062 3867 Singuli
1077 3797 1154 3867 pueri
1172 3795 1222 3848 de·

157 3871 230 3924 Puer
242 3874 287 3941 qui
296 3875 381 3928 stetin
392 3876 494 3942 medio,
508 3878 576 3944 jactu
584 3878 663 3946 virge
711 3883 816 3940 portum
826 3891 905 3926 nuces
917 3873 1017 3942 aliquot
1027 3875 1055 3927 in
1069 3893 1180 3939 orcam,
1198 3870 1222 3924 id

158 3961 223 4018 quot
235 3952 363 4021 tetigerit,
377 3962 417 4005 tot
428 3955 521 4007 aufert.
532 3953 640 4006 Enseu.
710 3959 751 4002 est
769 3948 826 4003 olle
844 3966 947 4020 geum:
967 3951 1066 4005 deinde
1086 3972 1118 4005 ex
1134 3952 1220 4005 inter·

190 4028 230 4093 84.
250 4031 319 4095 θεοί
332 4035 416 4098 tetigit
431 4035 518 4097 virga,
540 4036 580 4082 tot
593 4034 665 4098 capi!
711 4025 777 4080 vallo
783 4029 875 4099 singuli
883 4029 1004 4098 pervices
1012 4039 1146 4100 petuntos
1153 4030 1222 4091 olim

158 4108 215 4170 rjesa
226 4127 311 4161 nuces.
322 4112 381 4177 Ipse
393 4109 528 4175 nonnulli,
546 4112 590 4162 ille
602 4109 669 4171 duo„
711 4108 756 4175 qui
773 4107 862 4175 solus,
881 4117 927 4161 aut
941 4109 1110 4179 frequentius
1129 4110 1222 4162 immi·

158 4180 213 4233 Sed
225 4196 297 4240 vetus
308 4186 405 4252 editio,
420 4186 500 4239 codex
513 4187 622 4254 Regius,
635 4197 662 4238 et
711 4188 789 4254 serit,
803 4190 888 4243 aufert
898 4207 993 4242 omnes
1005 4208 1096 4243 nuces
1114 4188 1222 4242 Εωι

159 4260 354 4330 langermanni
363 4278 449 4332 recte,
462 4273 501 4319 lo!
510 4272 581 4333 capi!
589 4268 662 4318 abde:
709 4296 743 4308 —
770 4267 899 4335 Quamvis
929 4268 1091 4323 scholiastes
1114 4269 1221 4333 Persii,
1250 4300 1256 4304 ·

159 4359 239 4409 quare
252 4354 278 4395 et
286 4345 313 4396 in
324 4348 450 4415 superiori
459 4365 535 4400 versu
545 4345 662 4399 scriben-
710 4347 824 4416 quisquis
842 4347 883 4400 ille
903 4348 954 4415 sit,
977 4349 1029 4402 buc
1050 4351 1167 4417 reserat,
1189 4346 1219 4400 ad

157 4421 235 4481 dum,
248 4428 292 4489 qui
300 4433 415 4479 constetit
423 4431 507 4492 indm
519 4444 572 4478 uon
582 4466 589 4492 ,
601 4445 661 4494 que.
710 4426 838 4481 Telorum
847 4427 944 4495 jactum
956 4436 997 4481 est
1008 4428 1188 4482 referendum

159 4500 260 4556 llmts.
273 4501 426 4570 -Legebnt
432 4523 495 4559 vero
500 4504 660 4561 Sentlebius:
742 4522 782 4578 90.
799 4507 857 4563 Non
868 4523 886 4558 a
897 4510 993 4559 orcha.
1009 4509 1072 4562 Noa
1083 4514 1125 4562 est
1137 4509 1222 4559 os'cin
