2790 4696
178 330 202 378 x
562 305 851 380 PRAEFATIO.

178 475 213 548 in
222 472 489 568 illudldiscrimen
499 472 755 565 adducat,unde
765 475 817 550 vel
826 475 1058 578 ipsinausrago
1067 477 1120 551 vir
1131 493 1240 579 pateat

129 590 135 607 ⁵
176 603 351 699 effigium,
377 632 416 678 eo
440 604 544 679 serius
567 604 645 679 facti
669 606 910 708 imprudentem
931 608 1124 709 paenitebit,
1148 606 1238 710 quod

176 735 289 809 nullus
307 736 374 836 jam
395 737 440 812 sit
456 737 659 833 corrigendis
672 741 759 815 votis
769 740 879 829 locus,
897 757 930 814 et
942 768 1032 814 nunc
1047 759 1238 842 exspectan-

176 865 275 961 dum,
292 867 373 970 quid
391 867 432 941 de
449 867 553 944 salute
567 888 708 945 statuere
721 871 827 944 ventis
840 887 873 943 et
885 871 967 943 mari
981 869 1124 943 libuerit.

221 1001 273 1074 Ne
296 1016 343 1086 te,
364 1001 500 1087 Lector,
528 998 662 1094 lougius
681 999 874 1089 distineam,
896 999 964 1073 haec
984 999 1024 1071 de
1047 997 1106 1071 illo
1123 996 1237 1072 sabula

174 1157 215 1204 ne
224 1126 391 1230 quondam
399 1145 561 1217 narretur,
573 1129 750 1202 verendum
760 1146 820 1215 est,
833 1157 931 1229 quem
940 1126 1129 1201 inconsulta
1137 1127 1235 1201 nimis

173 1261 310 1334 ambitio
329 1260 365 1332 in
382 1259 447 1334 boc
466 1260 561 1360 quasi
574 1287 687 1361 aequor
711 1258 913 1335 Ouidianum
932 1259 1104 1333 immiserit
1119 1259 1235 1360 preci·

171 1392 283 1493 pitem.
312 1391 512 1491 suscipienti
528 1389 663 1493 quidem
675 1391 758 1464 mihi
771 1392 929 1493 opinione
941 1393 1098 1492 majorem
1117 1390 1235 1465 edendi

65 1571 67 1574 -
171 1521 315 1596 Nasonis
336 1521 539 1623 provinciam
564 1520 669 1594 multa
690 1522 895 1612 arridebant,
918 1520 991 1624 quae
1005 1520 1233 1625 impellerent;

170 1654 352 1757 pluravero
365 1653 556 1729 debuissent
567 1681 585 1726 a
596 1654 772 1754 proposito
785 1654 947 1730 deterrere
961 1685 970 1728 τ
985 1654 1042 1728 sed
1055 1654 1125 1741 hic,
1143 1652 1235 1756 quod

171 1789 301 1890 saepius,
311 1787 499 1872 factumest,
509 1802 549 1858 ut
557 1784 663 1886 ipsius
672 1787 719 1860 rei
729 1786 875 1860 novitate
885 1784 1090 1861 etillecebris
1100 1802 1233 1886 captum

168 1919 297 2014 lugeret
312 1915 477 2018 quidquid
498 1917 621 1991 inesset
635 1917 793 2017 periculi;
816 1936 851 1994 et
864 1918 948 1992 nihil
967 1937 1086 2020 praeter
1100 1944 1232 1992 veneres

169 2048 405 2152 cupidinesque
436 2065 544 2121 mente
573 2050 809 2151 praeciperem,
846 2050 882 2123 in
911 2050 1094 2124 enarrando
1134 2065 1234 2151 poeta

169 2183 317 2258 omnium
339 2178 560 2255 amenissimo
583 2179 682 2253 simul
705 2198 738 2254 et
762 2181 1041 2275 ingeniosissimo.
1068 2180 1233 2254 lucitabat

165 2328 322 2416 preterea
337 2309 437 2385 ardor
456 2308 593 2385 emulus
616 2308 743 2411 aliquid
758 2337 820 2410 pro
840 2310 967 2384 viribus
985 2311 1020 2381 in
1034 2310 1233 2406 exigendum

166 2444 417 2519 monumentum
447 2438 674 2528 conferendi,
690 2439 782 2541 quod
807 2439 873 2514 sibi
904 2438 1072 2539 quondam
1101 2439 1232 2514 Gallice

167 2576 273 2651 Mass
285 2572 460 2675 proprium
472 2572 685 2646 vindicarent.
703 2569 882 2645 Puduisset
897 2570 979 2644 rude
990 2570 1058 2669 jam
1073 2568 1232 2643 donatum

165 2707 391 2810 professorem
399 2721 484 2778 stare
498 2705 644 2778 otiosum
654 2704 707 2791 ,in
716 2702 881 2803 frequenti
892 2701 1040 2777 omnium
1049 2716 1229 2789 concursu,

165 2838 225 2940 qui
244 2855 312 2912 tam
332 2834 520 2910 honorandi
538 2835 683 2909 muneris
704 2833 910 2910 subeundam
933 2852 1061 2935 partem
1083 2834 1230 2935 undique

165 2969 398 3047 sollicitabant.
420 2969 490 3041 Nec
508 2965 576 3039 dux
594 2967 717 3062 agmini
736 2983 853 3041 nostro
880 2965 1012 3054 deerat,
1037 2966 1096 3066 qui
1117 2964 1230 3059 dubiis

166 3100 288 3189 fidem,
315 3099 366 3174 vel
386 3096 639 3199 desperantibus
663 3125 757 3198 spem
784 3096 895 3170 verbis
917 3095 1074 3184 adderet;
1102 3113 1137 3169 et
1161 3124 1228 3196 quo

163 3232 324 3330 flagrabat
343 3230 435 3331 ipse,
456 3229 568 3304 studio
587 3246 725 3303 cunctos
748 3227 947 3303 incenderet
976 3227 1164 3303 Accedebat
1187 3227 1228 3302 ad

162 3364 234 3439 hac
253 3360 360 3462 ipsius
380 3359 491 3461 operis
509 3360 695 3447 institutio,
722 3387 809 3460 que,
833 3378 872 3433 ut
897 3378 967 3436 erat
990 3361 1098 3461 prima
1118 3379 1228 3438 mente

164 3508 340 3590 consepta,
352 3492 560 3592 digestaque,
571 3519 643 3565 nou
655 3491 702 3564 ita
712 3519 746 3565 se
759 3490 927 3566 difficilem
937 3492 1121 3593 prebebat,
1130 3521 1228 3594 quam

162 3652 234 3701 non
255 3623 488 3718 aggrederetur
511 3623 562 3697 vir
586 3622 785 3724 quicumque
809 3651 828 3696 a
855 3622 958 3697 literis
984 3621 1132 3725 antiquis
1158 3652 1227 3698 nou

163 3753 307 3840 alienus,
321 3771 356 3827 et
365 3752 467 3850 longo
482 3755 561 3830 satis
570 3752 704 3856 publice
717 3752 859 3829 docendi
872 3782 936 3829 usu
948 3754 1103 3829 cumillis
1116 3755 1228 3853 Scrip-

163 3885 296 3961 toribus
311 3905 538 3976 conversatus,
558 3888 617 3989 qui
635 3885 767 3962 Classici
779 3885 879 3982 vulgo
899 3886 1114 3965 celebrantur.
1133 3881 1225 3981 Quid

162 4016 250 4095 enim
272 4016 337 4089 sibi
360 4019 617 4117 proposuerint,
641 4018 816 4126 qui-primi
842 4019 960 4095 dehac
979 4022 1223 4095 Btflttotltfict
