2790 4696
436 337 670 406 CYDIPPE
697 338 950 407 AGONTIO.
1155 342 1218 410 383

161 473 243 548 Inde
261 500 353 547 meos
371 471 495 568 digitos
510 476 629 550 iterum
645 475 784 577 repetita
801 475 927 572 fatigat.

211 589 367 684 Quantus
384 587 428 678 sit
444 588 562 677 nobis,
581 590 725 692 adspicis
743 593 833 692 ipse,
851 589 969 677 labor!

93 779 95 783 ,
163 703 263 799 Quo,
281 730 430 803 peream,
450 704 479 777 si
496 705 619 800 dignus
634 734 720 794 cras,
739 724 778 779 nt
792 698 1078 806 veraloquamur:

212 817 277 891 Sed
292 818 410 892 melior
423 820 532 918 justo,
552 849 717 921 quamque
732 821 883 909 mereris,
902 850 974 916 ego.
1192 846 1224 896 30

162 935 255 1027 Ergo
274 950 306 1007 te
323 953 461 1035 propter
477 937 577 1010 toties
592 937 717 1011 incerta
735 935 852 1010 salutis

214 1049 418 1123 Commentis
434 1077 550 1151 poenas
566 1050 676 1153 doque
694 1053 836 1155 dedique
852 1053 947 1127 tuis?

165 1163 374 1252 Remotis,
393 1164 505 1240 formae
522 1183 554 1242 te
569 1165 741 1243 laudatore
756 1167 926 1269 superbe.

215 1277 390 1373 Contingit
406 1283 549 1354 merces!
567 1298 601 1355 et
615 1281 778 1382 placuisse
793 1284 912 1358 nocet!

166 1392 202 1465 Si
222 1392 284 1466 tibi
303 1393 474 1484 deformis,
493 1398 586 1498 qnod
599 1396 832 1486 mallem,visa
848 1397 1001 1487 fuissem,
1196 1416 1231 1474 tt

214 1506 395 1608 Culpatum
411 1508 505 1584 nulla
519 1540 643 1614 corpus
662 1529 773 1608 egeret
790 1540 864 1613 ope.
1219 1500 1224 1518 ⁵

166 1625 264 1697 Nunc
281 1623 412 1698 laudata
426 1654 521 1720 gemo
536 1657 544 1699 :
559 1656 648 1701 nunc
666 1656 718 1703 me
736 1628 912 1703 certamine
930 1645 1039 1701 vestro

215 1743 381 1831 Proditis,
400 1761 433 1817 et
448 1743 587 1845 proprio
604 1744 760 1819 vulneror
777 1744 850 1845 ipsa
866 1745 969 1817 bono.

167 1862 258 1935 Dum
271 1890 378 1963 neque
395 1879 431 1934 tu
450 1861 554 1949 cedis,
573 1891 633 1936 nec
647 1890 681 1937 se
697 1878 795 1962 putat
810 1858 867 1935 ille
885 1859 1089 1948 secundum;

215 1979 269 2049 Tu
286 1977 373 2048 votis
391 1976 506 2049 obstas
523 1974 613 2050 illins
626 2006 634 2064 ;
649 1975 705 2051 ille
724 1977 800 2050 tuis.
1054 2048 1057 2053 ,
1198 1999 1232 2065 to

167 2096 260 2193 Ipsa,
278 2090 368 2164 velut
384 2092 492 2178 navis,
507 2092 629 2190 jactor,
645 2118 743 2192 quam
756 2107 867 2164 certus
883 2090 917 2163 in
935 2089 1039 2164 altum

218 2206 382 2307 Propellit
397 2209 542 2294 Boreas;
566 2225 664 2281 estus
681 2225 715 2282 et
732 2207 821 2281 unda
839 2208 947 2281 refert.

170 2321 350 2421 Quumque
368 2321 438 2396 dies
456 2322 538 2395 caris
557 2339 670 2423 optata
687 2322 884 2423 parentibus
901 2323 1024 2413 instat,

216 2435 419 2510 Immodicns
436 2438 561 2537 pariter
577 2436 727 2539 corporis
745 2435 844 2510 ardor
859 2436 966 2509 inest:

169 2552 214 2622 Et
230 2549 313 2622 mibi
331 2551 477 2650 conjugii
494 2570 625 2652 tempus
642 2551 785 2626 crudelis
803 2552 843 2625 ad
862 2552 972 2652 ipsum
1198 2576 1232 2644 45

218 2665 429 2768 Persephone
447 2685 579 2742 nostras
596 2666 708 2769 pulsat
723 2669 839 2742 acerba
854 2668 952 2743 sores.

89 2799 90 2802 ’
169 2785 244 2857 lam
261 2784 380 2884 pudet;
398 2803 432 2859 et
449 2785 569 2873 timeo,
588 2785 736 2885 quamvis
751 2784 835 2858 mibi
851 2784 984 2858 conscia
999 2812 1069 2858 non
1085 2786 1165 2875 sim,

203 3000 243 3051 28.
264 3002 378 3066 Quantus
399 3007 438 3053 sis
452 3005 531 3055 nobes.
552 3004 593 3055 sn
606 3012 678 3056 recte
724 3002 1230 3069 reraxtibimendaciaobtruderenolui,

173 3096 247 3129 mens
270 3077 349 3130 codex
372 3088 398 3131 et
420 3078 621 3133 Arondelianus.
640 3080 677 3133 Η.
725 3099 784 3150 qua
797 3081 874 3150 longe
892 3081 986 3133 absunt
1004 3090 1124 3132 amente
1140 3089 1231 3149 poetae.

174 3154 262 3205 llabet
272 3173 335 3206 vero
351 3167 425 3209 vetus
440 3157 516 3211 lectio
527 3165 584 3219 sis,
604 3168 634 3210 ut
645 3156 678 3210 ad
758 3159 797 3229 39.
820 3160 858 3209 Tu
869 3160 947 3209 cedis.
962 3159 1050 3210 Credis
1060 3177 1128 3210 unus
1142 3157 1233 3210 Medi-

174 3230 317 3283 Aeontium
326 3233 437 3299 reseras,
450 3236 494 3303 qui
505 3237 637 3304 laboripse
646 3236 679 3288 sit
726 3253 786 3287 teus
799 3253 805 3286 ε
816 3235 900 3299 sorte,
914 3240 939 3286 te
950 3237 1038 3285 credr's.
1051 3235 1149 3288 Herus.

176 3307 318 3380 Cydippe,
336 3310 480 3378 etquidem
494 3312 664 3382 gravissimus.
760 3313 799 3376 42.
815 3312 904 3364 AErlus
913 3317 940 3364 et
950 3314 1025 3363 unda.
1036 3311 1067 3364 ld
1080 3321 1132 3378 est,
1150 3333 1234 3366 recnr*

207 3387 248 3438 30.
265 3387 317 3439 sed
332 3390 503 3458 melr'orjusto
521 3399 568 3442 etc
588 3391 684 3442 Melior
726 3407 772 3441 sus
789 3391 862 3441 unda
878 3405 885 3438 .·
901 3389 922 3442 ie
935 3388 1008 3441 enim
1029 3397 1106 3443 estus
1123 3389 1231 3445 dicitur:

175 3466 217 3519 bic
228 3476 267 3518 est
278 3465 382 3531 mitior,
397 3467 540 3535 benignior.
552 3466 610 3535 Ego
620 3485 679 3520 sum
727 3466 881 3537 videturque
888 3486 949 3521 usus
956 3466 1134 3538 ligurapoeta,
1153 3488 1232 3538 quem

176 3543 265 3596 mitior
270 3544 358 3610 justo,
380 3542 408 3596 id
424 3553 463 3597 est
479 3562 558 3612 quam
575 3562 680 3613 equum
728 3544 813 3598 Graeci
824 3556 918 3599 vocant
929 3549 952 3599 to
965 3549 1005 3599 3ιῦ
1019 3551 1064 3601 ob'u.
1084 3547 1145 3614 Qua
1158 3546 1233 3601 dere

176 3633 231 3688 est,
247 3632 273 3675 et
286 3634 314 3675 tu
325 3622 441 3676 mereris.
453 3623 493 3676 Ita
508 3621 570 3676 infr.
580 3642 604 3675 v.
619 3640 680 3693 ¹7⁰3
729 3622 831 3692 Virgilii
838 3622 901 3676 illud
915 3642 1019 3693 quoque
1031 3634 1083 3691 est,
1099 3627 1233 3697 chalybem

174 3706 275 3768 gravius
278 3701 356 3768 justo
370 3700 440 3754 :vid
452 3699 485 3754 ad
499 3699 566 3754 Vell.
579 3701 680 3755 Patere.
721 3701 859 3770 frenosque
877 3704 1010 3755 momordit
1029 3722 1037 3754 .·
1060 3721 1108 3772 pro
1127 3704 1233 3757 frenum

176 3797 220 3846 11,
240 3783 279 3833 25.
297 3779 388 3833 Douza
408 3780 574 3850 exponebat,
604 3781 679 3845 One,
728 3779 863 3845 ferreum,
880 3780 933 3833 sive
953 3799 984 3833 ex
1000 3779 1107 3853 chalybe
1128 3783 1232 3836 sactum.

177 3859 239 3925 (scil.
251 3857 439 3928 precedentia,
453 3877 511 3929 quae
522 3878 537 3912 a
550 3877 593 3911 me
605 3857 681 3911 iudi·
762 3859 801 3923 45.
818 3853 912 3909 Pulso!
925 3861 1018 3911 acerba
1021 3859 1101 3926 fiores.
1120 3860 1234 3915 Imitatio

177 3948 232 3989 rata
246 3936 318 4002 sunt)
337 3947 366 3990 ut
380 3956 441 3990 vere
459 3937 506 3990 tibi
523 3937 680 4008 predicent,
730 3945 769 3989 est
780 3935 939 4002 Horatiana,
951 3953 978 4003 1,
991 3936 1044 3990 Od
1055 3940 1087 4005 4:

178 4036 282 4085 peream
291 4016 312 4069 si
320 4016 414 4087 dignus
422 4034 501 4070 cram.
512 4017 569 4088 Ego
577 4019 681 4082 tamen,
728 4022 803 4063 rutil·
812 4035 864 4061 non
872 4024 1103 4076 aqooputacpeueoe.

178 4113 233 4149 non
249 4096 308 4165 quia
322 4106 350 4148 tu
369 4095 479 4167 dignus,
497 4095 543 4150 sed
557 4097 616 4166 quia
633 4114 682 4169 ego
763 4098 802 4165 47.
819 4098 879 4149 lam
886 4099 972 4166 pudet.
985 4099 1109 4154 Francius
1119 4099 1234 4169 legebat,
