<?xml version="1.0" encoding="UTF-8"?>
<!DOCTYPE html PUBLIC "-//W3C//DTD XHTML 1.0 Transitional//EN"
    "http://www.w3.org/TR/xhtml1/DTD/xhtml1-transitional.dtd">
<html xmlns="http://www.w3.org/1999/xhtml" xml:lang="en" lang="en">
 <head>
  <title>
</title>
<meta http-equiv="Content-Type" content="text/html;charset=utf-8" />
  <meta name='ocr-system' content='tesseract 3.04.00' />
  <meta name='ocr-capabilities' content='ocr_page ocr_carea ocr_par ocr_line ocrx_word'/>
</head>
<body>
  <div class='ocr_page' id='page_1' title='image "./publiiovidiinas06massgoog/publiiovidiinas06massgoog_0057.png"; bbox 0 0 2790 4696; ppageno 0'>
   <div class='ocr_carea' id='block_1_1' title="bbox 446 335 964 406">
    <p class='ocr_par' dir='ltr' id='par_1_1' title="bbox 446 335 964 406">
     <span class='ocr_line' id='line_1_1' title="bbox 446 335 964 406; baseline 0.006 -3"><span class='ocrx_word' id='word_1_1' title='bbox 446 335 642 404; x_wconf 87' lang='lat' dir='ltr'>ULIXES</span> <span class='ocrx_word' id='word_1_2' title='bbox 675 336 964 406; x_wconf 82' lang='lat' dir='ltr'><strong>PENELOPAE.</strong></span> 
     </span>
    </p>
   </div>
   <div class='ocr_carea' id='block_1_2' title="bbox 166 473 1230 2070">
    <p class='ocr_par' dir='ltr' id='par_1_2' title="bbox 169 473 1037 692">
     <span class='ocr_line' id='line_1_2' title="bbox 169 473 1037 576; baseline 0.003 -28"><span class='ocrx_word' id='word_1_3' title='bbox 169 477 304 569; x_wconf 81' lang='lat' dir='ltr'>Ingrata</span> <span class='ocrx_word' id='word_1_4' title='bbox 319 489 371 548; x_wconf 85' lang='lat' dir='ltr'>est</span> <span class='ocrx_word' id='word_1_5' title='bbox 385 473 507 573; x_wconf 83' lang='lat' dir='ltr'>pietas,</span> <span class='ocrx_word' id='word_1_6' title='bbox 526 475 580 549; x_wconf 89' lang='lat' dir='ltr'>eui</span> <span class='ocrx_word' id='word_1_7' title='bbox 597 492 687 548; x_wconf 84' lang='lat' dir='ltr'>tanta</span> <span class='ocrx_word' id='word_1_8' title='bbox 704 475 850 576; x_wconf 89' lang='lat' dir='ltr'>pericula</span> <span class='ocrx_word' id='word_1_9' title='bbox 868 478 1011 551; x_wconf 83' lang='lat' dir='ltr'><strong>subsunt</strong></span> <span class='ocrx_word' id='word_1_10' title='bbox 1030 510 1037 550; x_wconf 91' lang='lat'>:</span> 
     </span>
     <span class='ocr_line' id='line_1_3' title="bbox 216 586 959 692; baseline 0 -30"><span class='ocrx_word' id='word_1_11' title='bbox 216 590 303 662; x_wconf 90' lang='lat' dir='ltr'>Nam</span> <span class='ocrx_word' id='word_1_12' title='bbox 318 586 400 661; x_wconf 85' lang='lat' dir='ltr'>male</span> <span class='ocrx_word' id='word_1_13' title='bbox 417 590 610 663; x_wconf 87' lang='lat' dir='ltr'>commissus</span> <span class='ocrx_word' id='word_1_14' title='bbox 627 589 783 665; x_wconf 85' lang='lat' dir='ltr'>fluetibus</span> <span class='ocrx_word' id='word_1_15' title='bbox 800 592 871 692; x_wconf 91' lang='lat' dir='ltr'>ipse</span> <span class='ocrx_word' id='word_1_16' title='bbox 886 591 959 664; x_wconf 82' lang='lat' dir='ltr'>fuit.</span> 
     </span>
    </p>

    <p class='ocr_par' dir='ltr' id='par_1_3' title="bbox 170 701 1036 921">
     <span class='ocr_line' id='line_1_4' title="bbox 170 701 1036 780; baseline 0.001 -3"><span class='ocrx_word' id='word_1_17' title='bbox 170 702 237 778; x_wconf 88' lang='lat' dir='ltr'>Sed</span> <span class='ocrx_word' id='word_1_18' title='bbox 252 701 348 776; x_wconf 82' lang='lat' dir='ltr'>labor</span> <span class='ocrx_word' id='word_1_19' title='bbox 363 703 399 774; x_wconf 91' lang='lat' dir='ltr'>in</span> <span class='ocrx_word' id='word_1_20' title='bbox 415 703 479 778; x_wconf 83' lang='lat' dir='ltr'>iine</span> <span class='ocrx_word' id='word_1_21' title='bbox 496 721 570 778; x_wconf 88' lang='lat' dir='ltr'>est:</span> <span class='ocrx_word' id='word_1_22' title='bbox 590 734 763 779; x_wconf 90' lang='lat' dir='ltr'>occursum</span> <span class='ocrx_word' id='word_1_23' title='bbox 780 706 815 778; x_wconf 95' lang='lat' dir='ltr'>in</span> <span class='ocrx_word' id='word_1_24' title='bbox 833 705 930 780; x_wconf 89' lang='lat' dir='ltr'>litore</span> <span class='ocrx_word' id='word_1_25' title='bbox 947 724 1036 780; x_wconf 82' lang='lat' dir='ltr'>vates</span> 
     </span>
     <span class='ocr_line' id='line_1_5' title="bbox 217 818 925 921; baseline 0.001 -29"><span class='ocrx_word' id='word_1_26' title='bbox 217 820 313 892; x_wconf 82' lang='lat' dir='ltr'>Dixit</span> <span class='ocrx_word' id='word_1_27' title='bbox 331 848 339 890; x_wconf 76' lang='grc' dir='ltr'>ε</span> <span class='ocrx_word' id='word_1_28' title='bbox 358 820 394 893; x_wconf 93' lang='lat' dir='ltr'>in</span> <span class='ocrx_word' id='word_1_29' title='bbox 410 818 593 921; x_wconf 77' lang='lat' dir='ltr'>amplexus,</span> <span class='ocrx_word' id='word_1_30' title='bbox 613 849 702 909; x_wconf 87' lang='lat' dir='ltr'>care,</span> <span class='ocrx_word' id='word_1_31' title='bbox 719 820 824 895; x_wconf 90' lang='lat' dir='ltr'>serere</span> <span class='ocrx_word' id='word_1_32' title='bbox 838 839 925 896; x_wconf 89' lang='lat' dir='ltr'>tuos.</span> 
     </span>
    </p>

    <p class='ocr_par' dir='ltr' id='par_1_4' title="bbox 169 932 1002 1143">
     <span class='ocr_line' id='line_1_6' title="bbox 169 932 1002 1035; baseline 0.004 -29"><span class='ocrx_word' id='word_1_33' title='bbox 169 932 366 1006; x_wconf 87' lang='lat' dir='ltr'>Noseendus</span> <span class='ocrx_word' id='word_1_34' title='bbox 383 932 445 1006; x_wconf 93' lang='lat' dir='ltr'>soli</span> <span class='ocrx_word' id='word_1_35' title='bbox 461 935 588 1008; x_wconf 78' lang='lat' dir='ltr'>reniam</span> <span class='ocrx_word' id='word_1_36' title='bbox 606 935 669 1007; x_wconf 91' lang='lat' dir='ltr'>tibi</span> <span class='ocrx_word' id='word_1_37' title='bbox 689 960 697 1002; x_wconf 78' lang='grc' dir='ltr'><em>τ</em></span> <span class='ocrx_word' id='word_1_38' title='bbox 716 952 754 1007; x_wconf 94' lang='lat' dir='ltr'>tu</span> <span class='ocrx_word' id='word_1_39' title='bbox 770 963 882 1035; x_wconf 82' lang='lat' dir='ltr'>preme</span> <span class='ocrx_word' id='word_1_40' title='bbox 899 933 1002 1009; x_wconf 89' lang='lat' dir='ltr'>solers</span> 
     </span>
     <span class='ocr_line' id='line_1_7' title="bbox 217 1047 926 1143; baseline 0.001 -23"><span class='ocrx_word' id='word_1_41' title='bbox 217 1047 395 1135; x_wconf 77' lang='lat' dir='ltr'>Latitiam,</span> <span class='ocrx_word' id='word_1_42' title='bbox 413 1066 447 1122; x_wconf 89' lang='lat' dir='ltr'>et</span> <span class='ocrx_word' id='word_1_43' title='bbox 464 1049 565 1122; x_wconf 84' lang='lat' dir='ltr'>tacito</span> <span class='ocrx_word' id='word_1_44' title='bbox 582 1048 701 1143; x_wconf 84' lang='lat' dir='ltr'>gaudia</span> <span class='ocrx_word' id='word_1_45' title='bbox 718 1049 822 1123; x_wconf 85' lang='lat' dir='ltr'>conde</span> <span class='ocrx_word' id='word_1_46' title='bbox 841 1049 926 1123; x_wconf 90' lang='lat' dir='ltr'>sinu.</span> 
     </span>
    </p>

    <p class='ocr_par' dir='ltr' id='par_1_5' title="bbox 168 1162 1230 1353">
     <span class='ocr_line' id='line_1_8' title="bbox 168 1162 1230 1265; baseline 0.005 -29"><span class='ocrx_word' id='word_1_47' title='bbox 168 1165 246 1236; x_wconf 90' lang='lat' dir='ltr'>Non</span> <span class='ocrx_word' id='word_1_48' title='bbox 261 1163 294 1234; x_wconf 80' lang='lat' dir='ltr'>ri</span> <span class='ocrx_word' id='word_1_49' title='bbox 310 1163 517 1251; x_wconf 84' lang='lat' dir='ltr'>certandum,</span> <span class='ocrx_word' id='word_1_50' title='bbox 535 1192 596 1237; x_wconf 91' lang='lat' dir='ltr'>nec</span> <span class='ocrx_word' id='word_1_51' title='bbox 614 1181 727 1265; x_wconf 83' lang='lat' dir='ltr'>aperta</span> <span class='ocrx_word' id='word_1_52' title='bbox 743 1165 779 1236; x_wconf 92' lang='lat' dir='ltr'>in</span> <span class='ocrx_word' id='word_1_53' title='bbox 795 1162 883 1237; x_wconf 83' lang='lat' dir='ltr'>bella</span> <span class='ocrx_word' id='word_1_54' title='bbox 899 1165 1071 1239; x_wconf 91' lang='lat' dir='ltr'>ruendum.</span> <span class='ocrx_word' id='word_1_55' title='bbox 1185 1186 1230 1241; x_wconf 76' lang='lat'>125</span> 
     </span>
     <span class='ocr_line' id='line_1_9' title="bbox 214 1277 861 1353; baseline -0.002 -2"><span class='ocrx_word' id='word_1_56' title='bbox 214 1279 268 1353; x_wconf 88' lang='lat' dir='ltr'>Sic</span> <span class='ocrx_word' id='word_1_57' title='bbox 285 1279 404 1353; x_wconf 83' lang='lat' dir='ltr'>cecinit</span> <span class='ocrx_word' id='word_1_58' title='bbox 420 1278 534 1353; x_wconf 87' lang='lat' dir='ltr'>laurus</span> <span class='ocrx_word' id='word_1_59' title='bbox 552 1277 606 1352; x_wconf 88' lang='lat' dir='ltr'>ille</span> <span class='ocrx_word' id='word_1_60' title='bbox 624 1306 758 1353; x_wconf 89' lang='lat' dir='ltr'>monere</span> <span class='ocrx_word' id='word_1_61' title='bbox 776 1305 861 1352; x_wconf 86' lang='lat' dir='ltr'>suas.</span> 
     </span>
    </p>

    <p class='ocr_par' dir='ltr' id='par_1_6' title="bbox 166 1392 980 1610">
     <span class='ocr_line' id='line_1_10' title="bbox 166 1392 980 1494; baseline 0.004 -28"><span class='ocrx_word' id='word_1_62' title='bbox 166 1393 318 1467; x_wconf 85' lang='lat' dir='ltr'>Forsitan</span> <span class='ocrx_word' id='word_1_63' title='bbox 335 1410 410 1467; x_wconf 86' lang='lat' dir='ltr'>ante</span> <span class='ocrx_word' id='word_1_64' title='bbox 430 1392 545 1494; x_wconf 88' lang='lat' dir='ltr'>dapes,</span> <span class='ocrx_word' id='word_1_65' title='bbox 563 1393 714 1494; x_wconf 89' lang='lat' dir='ltr'>interque</span> <span class='ocrx_word' id='word_1_66' title='bbox 728 1395 875 1468; x_wconf 84' lang='lat' dir='ltr'>vacantia</span> <span class='ocrx_word' id='word_1_67' title='bbox 891 1394 980 1482; x_wconf 84' lang='lat' dir='ltr'>vina,</span> 
     </span>
     <span class='ocr_line' id='line_1_11' title="bbox 215 1507 864 1610; baseline 0 -28"><span class='ocrx_word' id='word_1_68' title='bbox 215 1507 341 1582; x_wconf 89' lang='lat' dir='ltr'>Ultoris</span> <span class='ocrx_word' id='word_1_69' title='bbox 358 1509 522 1610; x_wconf 79' lang='lat' dir='ltr'>pharetris</span> <span class='ocrx_word' id='word_1_70' title='bbox 538 1508 620 1582; x_wconf 92' lang='lat' dir='ltr'>utile</span> <span class='ocrx_word' id='word_1_71' title='bbox 633 1516 768 1609; x_wconf 85' lang='lat' dir='ltr'>&#39;tempus</span> <span class='ocrx_word' id='word_1_72' title='bbox 786 1509 864 1594; x_wconf 88' lang='lat' dir='ltr'>erit;</span> 
     </span>
    </p>

    <p class='ocr_par' dir='ltr' id='par_1_7' title="bbox 167 1621 1016 1841">
     <span class='ocr_line' id='line_1_12' title="bbox 167 1621 996 1724; baseline -0.001 -27"><span class='ocrx_word' id='word_1_73' title='bbox 167 1625 211 1697; x_wconf 85' lang='lat' dir='ltr'>Et</span> <span class='ocrx_word' id='word_1_74' title='bbox 224 1625 323 1698; x_wconf 91' lang='lat' dir='ltr'>modo</span> <span class='ocrx_word' id='word_1_75' title='bbox 343 1624 533 1724; x_wconf 84' lang='lat' dir='ltr'>despectum</span> <span class='ocrx_word' id='word_1_76' title='bbox 549 1623 663 1697; x_wconf 89' lang='lat' dir='ltr'>subito</span> <span class='ocrx_word' id='word_1_77' title='bbox 680 1623 842 1698; x_wconf 82' lang='lat' dir='ltr'><strong>mirentur</strong></span> <span class='ocrx_word' id='word_1_78' title='bbox 855 1621 996 1697; x_wconf 86' lang='lat' dir='ltr'><strong>Ulixen:</strong></span> 
     </span>
     <span class='ocr_line' id='line_1_13' title="bbox 212 1737 1016 1841; baseline -0.001 -28"><span class='ocrx_word' id='word_1_79' title='bbox 212 1742 304 1815; x_wconf 89' lang='lat' dir='ltr'>Heu!</span> <span class='ocrx_word' id='word_1_80' title='bbox 323 1766 459 1841; x_wconf 82' lang='lat' dir='ltr'>precor,</span> <span class='ocrx_word' id='word_1_81' title='bbox 477 1756 517 1811; x_wconf 87' lang='lat' dir='ltr'>ut</span> <span class='ocrx_word' id='word_1_82' title='bbox 532 1756 690 1840; x_wconf 79' lang='lat' dir='ltr'>properet</span> <span class='ocrx_word' id='word_1_83' title='bbox 705 1737 787 1812; x_wconf 86' lang='lat' dir='ltr'>velle</span> <span class='ocrx_word' id='word_1_84' title='bbox 804 1738 914 1812; x_wconf 90' lang='lat' dir='ltr'>venirc</span> <span class='ocrx_word' id='word_1_85' title='bbox 932 1738 1016 1825; x_wconf 90' lang='lat' dir='ltr'>dies,</span> 
     </span>
    </p>

    <p class='ocr_par' dir='ltr' id='par_1_8' title="bbox 166 1850 950 2070">
     <span class='ocr_line' id='line_1_14' title="bbox 166 1850 899 1954; baseline -0.004 -28"><span class='ocrx_word' id='word_1_86' title='bbox 166 1853 306 1954; x_wconf 75' lang='lat' dir='ltr'>Antiqui</span> <span class='ocrx_word' id='word_1_87' title='bbox 323 1870 463 1927; x_wconf 85' lang='lat' dir='ltr'>renovet</span> <span class='ocrx_word' id='word_1_88' title='bbox 479 1853 537 1952; x_wconf 87' lang='lat' dir='ltr'>qui</span> <span class='ocrx_word' id='word_1_89' title='bbox 555 1852 650 1928; x_wconf 77' lang='lat' dir='ltr'>lutus</span> <span class='ocrx_word' id='word_1_90' title='bbox 668 1850 791 1928; x_wconf 85' lang='lat' dir='ltr'>soedera</span> <span class='ocrx_word' id='word_1_91' title='bbox 805 1850 899 1939; x_wconf 87' lang='lat' dir='ltr'>lecti,</span> 
     </span>
     <span class='ocr_line' id='line_1_15' title="bbox 214 1966 950 2070; baseline -0.005 -27"><span class='ocrx_word' id='word_1_92' title='bbox 214 1973 260 2043; x_wconf 83' lang='lat' dir='ltr'>Et</span> <span class='ocrx_word' id='word_1_93' title='bbox 275 1969 408 2044; x_wconf 84' lang='lat' dir='ltr'>tandem</span> <span class='ocrx_word' id='word_1_94' title='bbox 424 1969 565 2070; x_wconf 85' lang='lat' dir='ltr'>incipias</span> <span class='ocrx_word' id='word_1_95' title='bbox 582 1970 741 2068; x_wconf 82' lang='lat' dir='ltr'>conjuge,</span> <span class='ocrx_word' id='word_1_96' title='bbox 760 1997 849 2058; x_wconf 89' lang='lat' dir='ltr'>cara,</span> <span class='ocrx_word' id='word_1_97' title='bbox 867 1966 950 2041; x_wconf 81' lang='lat' dir='ltr'>fmit</span> 
     </span>
    </p>
   </div>
   <div class='ocr_carea' id='block_1_3' title="bbox 161 2186 1231 3891">
    <p class='ocr_par' dir='ltr' id='par_1_9' title="bbox 161 2186 1231 3891">
     <span class='ocr_line' id='line_1_16' title="bbox 166 2186 1229 2260; baseline 0.004 -21"><span class='ocrx_word' id='word_1_98' title='bbox 166 2186 236 2258; x_wconf 68' lang='lat' dir='ltr'>gavit</span> <span class='ocrx_word' id='word_1_99' title='bbox 244 2186 411 2256; x_wconf 77' lang='lat' dir='ltr'>?pusssrrvel</span> <span class='ocrx_word' id='word_1_100' title='bbox 420 2195 529 2251; x_wconf 66' lang='lat' dir='ltr'>musore,</span> <span class='ocrx_word' id='word_1_101' title='bbox 539 2189 644 2260; x_wconf 82' lang='lat' dir='ltr'>opinor,</span> <span class='ocrx_word' id='word_1_102' title='bbox 657 2208 672 2242; x_wconf 86' lang='lat' dir='ltr'>a</span> <span class='ocrx_word' id='word_1_103' title='bbox 755 2189 808 2243; x_wconf 71' lang='grc' dir='ltr'>ηδ.</span> <span class='ocrx_word' id='word_1_104' title='bbox 826 2190 868 2242; x_wconf 76' lang='lat' dir='ltr'>Sic</span> <span class='ocrx_word' id='word_1_105' title='bbox 876 2192 1067 2243; x_wconf 75' lang='lat' dir='ltr'>cecr&#39;rrr&#39;llaurus</span> <span class='ocrx_word' id='word_1_106' title='bbox 1076 2193 1121 2242; x_wconf 85' lang='lat' dir='ltr'>ille</span> <span class='ocrx_word' id='word_1_107' title='bbox 1130 2210 1229 2243; x_wconf 78' lang='lat' dir='ltr'>morere</span> 
     </span>
     <span class='ocr_line' id='line_1_17' title="bbox 165 2263 1226 2338; baseline 0.008 -22"><span class='ocrx_word' id='word_1_108' title='bbox 165 2275 252 2318; x_wconf 83' lang='lat' dir='ltr'>matre</span> <span class='ocrx_word' id='word_1_109' title='bbox 270 2263 399 2330; x_wconf 73' lang='lat' dir='ltr'>videlicet,</span> <span class='ocrx_word' id='word_1_110' title='bbox 413 2278 442 2320; x_wconf 86' lang='lat' dir='ltr'>ut</span> <span class='ocrx_word' id='word_1_111' title='bbox 455 2267 541 2322; x_wconf 71' lang='lat' dir='ltr'>aditu</span> <span class='ocrx_word' id='word_1_112' title='bbox 552 2267 671 2338; x_wconf 77' lang='lat' dir='ltr'>respiciat</span> <span class='ocrx_word' id='word_1_113' title='bbox 718 2286 787 2323; x_wconf 78' lang='lat' dir='ltr'>ruas.</span> <span class='ocrx_word' id='word_1_114' title='bbox 802 2267 862 2323; x_wconf 89' lang='lat' dir='ltr'>Non</span> <span class='ocrx_word' id='word_1_115' title='bbox 880 2268 917 2322; x_wconf 83' lang='lat' dir='ltr'>ita</span> <span class='ocrx_word' id='word_1_116' title='bbox 932 2267 1226 2337; x_wconf 68' lang='lat' dir='ltr'>manifestus⁸Tiresias,</span> 
     </span>
     <span class='ocr_line' id='line_1_18' title="bbox 163 2342 1189 2419; baseline 0.004 -25"><span class='ocrx_word' id='word_1_117' title='bbox 163 2342 281 2412; x_wconf 68' lang='lat' dir='ltr'>epistole</span> <span class='ocrx_word' id='word_1_118' title='bbox 290 2342 447 2414; x_wconf 84' lang='lat' dir='ltr'>Penelopes:</span> <span class='ocrx_word' id='word_1_119' title='bbox 720 2346 764 2417; x_wconf 90' lang='lat' dir='ltr'>qui</span> <span class='ocrx_word' id='word_1_120' title='bbox 775 2356 866 2400; x_wconf 87' lang='lat' dir='ltr'>contra</span> <span class='ocrx_word' id='word_1_121' title='bbox 877 2345 961 2410; x_wconf 84' lang='lat' dir='ltr'>dicat;</span> <span class='ocrx_word' id='word_1_122' title='bbox 975 2345 1070 2419; x_wconf 87' lang='lat' dir='ltr'>Odyss.</span> <span class='ocrx_word' id='word_1_123' title='bbox 1082 2359 1119 2411; x_wconf 78' lang='grc' dir='ltr'>Α,</span> <span class='ocrx_word' id='word_1_124' title='bbox 1136 2367 1189 2419; x_wconf 75' lang='lat'>¹¹9·</span> 
     </span>
     <span class='ocr_line' id='line_1_19' title="bbox 164 2424 1221 2497; baseline 0.007 -25"><span class='ocrx_word' id='word_1_125' title='bbox 164 2431 238 2472; x_wconf 74' lang='lat' dir='ltr'>omis</span> <span class='ocrx_word' id='word_1_126' title='bbox 246 2445 330 2484; x_wconf 66' lang='grc' dir='ltr'>ιιψ</span> <span class='ocrx_word' id='word_1_127' title='bbox 339 2440 373 2472; x_wconf 74' lang='grc' dir='ltr'>ιω</span> <span class='ocrx_word' id='word_1_128' title='bbox 381 2434 444 2474; x_wconf 69' lang='lat' dir='ltr'>misr</span> <span class='ocrx_word' id='word_1_129' title='bbox 454 2445 473 2474; x_wconf 76' lang='lat' dir='ltr'>ta</span> <span class='ocrx_word' id='word_1_130' title='bbox 485 2449 570 2488; x_wconf 68' lang='lat' dir='ltr'>quarere</span> <span class='ocrx_word' id='word_1_131' title='bbox 579 2437 639 2476; x_wconf 78' lang='lat' dir='ltr'>nim</span> <span class='ocrx_word' id='word_1_132' title='bbox 753 2431 782 2481; x_wconf 70' lang='lat'>111¹</span> <span class='ocrx_word' id='word_1_133' title='bbox 794 2429 867 2497; x_wconf 69' lang='grc' dir='ltr'>δ’ὅλῳ,</span> <span class='ocrx_word' id='word_1_134' title='bbox 879 2426 891 2488; x_wconf 71' lang='lat' dir='ltr'>i</span> <span class='ocrx_word' id='word_1_135' title='bbox 905 2425 1011 2497; x_wconf 64' lang='lat' dir='ltr'>ippuo‘ir</span> <span class='ocrx_word' id='word_1_136' title='bbox 1022 2427 1069 2494; x_wconf 71' lang='grc' dir='ltr'><strong><em>σ’ζιῐ</em></strong></span> <span class='ocrx_word' id='word_1_137' title='bbox 1079 2428 1164 2495; x_wconf 73' lang='grc' dir='ltr'>χάλκῴ-</span> <span class='ocrx_word' id='word_1_138' title='bbox 1217 2424 1221 2433; x_wconf 71' lang='grc'><strong>’</strong></span> 
     </span>
     <span class='ocr_line' id='line_1_20' title="bbox 212 2501 1230 2573; baseline 0.009 -27"><span class='ocrx_word' id='word_1_139' title='bbox 212 2506 323 2546; x_wconf 65' lang='lat' dir='ltr'>uectum</span> <span class='ocrx_word' id='word_1_140' title='bbox 331 2514 376 2547; x_wconf 74' lang='grc' dir='ltr'>ιω</span> <span class='ocrx_word' id='word_1_141' title='bbox 388 2507 468 2548; x_wconf 71' lang='lat' dir='ltr'>Nestor.</span> <span class='ocrx_word' id='word_1_142' title='bbox 493 2510 568 2550; x_wconf 72' lang='lat' dir='ltr'>unu.</span> <span class='ocrx_word' id='word_1_143' title='bbox 755 2523 807 2573; x_wconf 77' lang='lat' dir='ltr'>rap.</span> <span class='ocrx_word' id='word_1_144' title='bbox 826 2504 944 2571; x_wconf 73' lang='lat' dir='ltr'>Interque</span> <span class='ocrx_word' id='word_1_145' title='bbox 959 2508 1081 2556; x_wconf 75' lang='lat' dir='ltr'>vacantia</span> <span class='ocrx_word' id='word_1_146' title='bbox 1094 2507 1163 2555; x_wconf 69' lang='lat' dir='ltr'>vcra.</span> <span class='ocrx_word' id='word_1_147' title='bbox 1177 2501 1230 2555; x_wconf 84' lang='lat' dir='ltr'>liic</span> 
     </span>
     <span class='ocr_line' id='line_1_21' title="bbox 199 2578 1230 2651; baseline 0.002 -21"><span class='ocrx_word' id='word_1_148' title='bbox 199 2598 252 2651; x_wconf 79' lang='lat'>119.</span> <span class='ocrx_word' id='word_1_149' title='bbox 262 2580 506 2648; x_wconf 72' lang='lat' dir='ltr'>Irmlaeslpr&#39;elas</span> <span class='ocrx_word' id='word_1_150' title='bbox 514 2593 562 2636; x_wconf 79' lang='lat' dir='ltr'>ete.</span> <span class='ocrx_word' id='word_1_151' title='bbox 570 2582 670 2650; x_wconf 81' lang='lat' dir='ltr'>Timet,</span> <span class='ocrx_word' id='word_1_152' title='bbox 719 2578 769 2633; x_wconf 81' lang='lat' dir='ltr'>diei</span> <span class='ocrx_word' id='word_1_153' title='bbox 778 2585 901 2633; x_wconf 74' lang='lat' dir='ltr'>vacantia</span> <span class='ocrx_word' id='word_1_154' title='bbox 910 2581 971 2633; x_wconf 83' lang='lat' dir='ltr'>vina</span> <span class='ocrx_word' id='word_1_155' title='bbox 982 2620 989 2646; x_wconf 93' lang='lat'>,</span> <span class='ocrx_word' id='word_1_156' title='bbox 1002 2581 1095 2648; x_wconf 89' lang='lat' dir='ltr'>quibus</span> <span class='ocrx_word' id='word_1_157' title='bbox 1105 2599 1193 2633; x_wconf 77' lang='lat' dir='ltr'>vacua</span> <span class='ocrx_word' id='word_1_158' title='bbox 1202 2591 1230 2632; x_wconf 85' lang='lat' dir='ltr'>et</span> 
     </span>
     <span class='ocr_line' id='line_1_22' title="bbox 164 2657 1230 2729; baseline -0.004 -20"><span class='ocrx_word' id='word_1_159' title='bbox 164 2675 212 2723; x_wconf 85' lang='lat' dir='ltr'>ne,</span> <span class='ocrx_word' id='word_1_160' title='bbox 228 2676 285 2726; x_wconf 74' lang='lat' dir='ltr'>quae</span> <span class='ocrx_word' id='word_1_161' title='bbox 304 2657 337 2709; x_wconf 81' lang='lat' dir='ltr'>ad</span> <span class='ocrx_word' id='word_1_162' title='bbox 357 2658 547 2726; x_wconf 88' lang='lat' dir='ltr'>inquirendum</span> <span class='ocrx_word' id='word_1_163' title='bbox 567 2671 670 2729; x_wconf 85' lang='lat' dir='ltr'>patrem</span> <span class='ocrx_word' id='word_1_164' title='bbox 719 2657 807 2710; x_wconf 79' lang='lat' dir='ltr'>otiosce</span> <span class='ocrx_word' id='word_1_165' title='bbox 820 2666 1230 2721; x_wconf 82' lang='lat' dir='ltr'>mentesteneantur,recteno-</span> 
     </span>
     <span class='ocr_line' id='line_1_23' title="bbox 162 2733 1229 2807; baseline -0.001 -21"><span class='ocrx_word' id='word_1_166' title='bbox 162 2733 335 2788; x_wconf 79' lang='lat' dir='ltr'>Telemachus</span> <span class='ocrx_word' id='word_1_167' title='bbox 358 2735 453 2788; x_wconf 84' lang='lat' dir='ltr'>itinera</span> <span class='ocrx_word' id='word_1_168' title='bbox 480 2738 609 2807; x_wconf 83' lang='lat' dir='ltr'>suscepit,</span> <span class='ocrx_word' id='word_1_169' title='bbox 632 2747 671 2790; x_wconf 82' lang='lat' dir='ltr'>tot</span> <span class='ocrx_word' id='word_1_170' title='bbox 721 2744 758 2786; x_wconf 83' lang='lat' dir='ltr'>tat</span> <span class='ocrx_word' id='word_1_171' title='bbox 768 2735 907 2800; x_wconf 78' lang='lat' dir='ltr'>Heinsius,</span> <span class='ocrx_word' id='word_1_172' title='bbox 919 2734 950 2787; x_wconf 80' lang='lat' dir='ltr'>ad</span> <span class='ocrx_word' id='word_1_173' title='bbox 960 2752 1024 2787; x_wconf 77' lang='lat' dir='ltr'>vers.</span> <span class='ocrx_word' id='word_1_174' title='bbox 1034 2737 1074 2806; x_wconf 74' lang='grc'>49.</span> <span class='ocrx_word' id='word_1_175' title='bbox 1085 2734 1155 2786; x_wconf 85' lang='lat' dir='ltr'>Mire</span> <span class='ocrx_word' id='word_1_176' title='bbox 1167 2734 1229 2786; x_wconf 84' lang='lat' dir='ltr'>For·</span> 
     </span>
     <span class='ocr_line' id='line_1_24' title="bbox 162 2812 1227 2882; baseline -0.001 -18"><span class='ocrx_word' id='word_1_177' title='bbox 162 2813 288 2882; x_wconf 62' lang='lat' dir='ltr'>nutuque</span> <span class='ocrx_word' id='word_1_178' title='bbox 299 2813 420 2882; x_wconf 78' lang='lat' dir='ltr'>periculis</span> <span class='ocrx_word' id='word_1_179' title='bbox 428 2814 671 2881; x_wconf 62' lang='lat' dir='ltr'>circuminspecto·</span> <span class='ocrx_word' id='word_1_180' title='bbox 718 2812 826 2865; x_wconf 72' lang='lat' dir='ltr'>collinus</span> <span class='ocrx_word' id='word_1_181' title='bbox 841 2812 869 2864; x_wconf 92' lang='lat' dir='ltr'>in</span> <span class='ocrx_word' id='word_1_182' title='bbox 884 2812 982 2877; x_wconf 81' lang='lat' dir='ltr'>lexico,</span> <span class='ocrx_word' id='word_1_183' title='bbox 996 2812 1027 2866; x_wconf 85' lang='lat' dir='ltr'>ad</span> <span class='ocrx_word' id='word_1_184' title='bbox 1045 2831 1137 2865; x_wconf 81' lang='lat' dir='ltr'>rocem</span> <span class='ocrx_word' id='word_1_185' title='bbox 1149 2816 1227 2872; x_wconf 80' lang='lat' dir='ltr'>wira,</span> 
     </span>
     <span class='ocr_line' id='line_1_25' title="bbox 161 2887 1228 2961; baseline -0.003 -18"><span class='ocrx_word' id='word_1_186' title='bbox 161 2891 281 2944; x_wconf 68' lang='lat' dir='ltr'>{acutam</span> <span class='ocrx_word' id='word_1_187' title='bbox 298 2892 425 2961; x_wconf 79' lang='lat' dir='ltr'>pietatem</span> <span class='ocrx_word' id='word_1_188' title='bbox 445 2892 511 2945; x_wconf 83' lang='lat' dir='ltr'>illius</span> <span class='ocrx_word' id='word_1_189' title='bbox 528 2893 557 2944; x_wconf 91' lang='lat' dir='ltr'>in</span> <span class='ocrx_word' id='word_1_190' title='bbox 580 2892 671 2945; x_wconf 80' lang='lat' dir='ltr'>animo</span> <span class='ocrx_word' id='word_1_191' title='bbox 718 2909 773 2943; x_wconf 74' lang='lat' dir='ltr'>esse</span> <span class='ocrx_word' id='word_1_192' title='bbox 788 2889 844 2943; x_wconf 82' lang='lat' dir='ltr'>vuit</span> <span class='ocrx_word' id='word_1_193' title='bbox 857 2899 945 2959; x_wconf 78' lang='lat' dir='ltr'>parata</span> <span class='ocrx_word' id='word_1_194' title='bbox 958 2888 1083 2958; x_wconf 83' lang='lat' dir='ltr'>quidem,</span> <span class='ocrx_word' id='word_1_195' title='bbox 1096 2887 1142 2943; x_wconf 80' lang='lat' dir='ltr'>sed</span> <span class='ocrx_word' id='word_1_196' title='bbox 1157 2909 1228 2941; x_wconf 89' lang='lat' dir='ltr'>non-</span> 
     </span>
     <span class='ocr_line' id='line_1_26' title="bbox 161 2966 1227 3022; baseline -0.005 -1"><span class='ocrx_word' id='word_1_197' title='bbox 161 2969 256 3022; x_wconf 79' lang='lat' dir='ltr'>sensim</span> <span class='ocrx_word' id='word_1_198' title='bbox 267 2969 439 3022; x_wconf 85' lang='lat' dir='ltr'>imminuant.</span> <span class='ocrx_word' id='word_1_199' title='bbox 719 2966 784 3020; x_wconf 85' lang='lat' dir='ltr'>(ium</span> <span class='ocrx_word' id='word_1_200' title='bbox 803 2967 831 3020; x_wconf 92' lang='lat' dir='ltr'>in</span> <span class='ocrx_word' id='word_1_201' title='bbox 847 2985 967 3020; x_wconf 86' lang='lat' dir='ltr'>mensam</span> <span class='ocrx_word' id='word_1_202' title='bbox 985 2967 1061 3020; x_wconf 82' lang='lat' dir='ltr'>illata.</span> <span class='ocrx_word' id='word_1_203' title='bbox 1078 2967 1227 3020; x_wconf 78' lang='lat' dir='ltr'>Burmanni</span> 
     </span>
     <span class='ocr_line' id='line_1_27' title="bbox 197 3043 1228 3115; baseline -0.005 -17"><span class='ocrx_word' id='word_1_204' title='bbox 197 3065 249 3099; x_wconf 79' lang='lat' dir='ltr'>rao.</span> <span class='ocrx_word' id='word_1_205' title='bbox 265 3049 333 3101; x_wconf 81' lang='lat' dir='ltr'>Narrr</span> <span class='ocrx_word' id='word_1_206' title='bbox 350 3051 419 3099; x_wconf 76' lang='lat' dir='ltr'>male</span> <span class='ocrx_word' id='word_1_207' title='bbox 435 3051 588 3102; x_wconf 76' lang='lat' dir='ltr'>commissus.</span> <span class='ocrx_word' id='word_1_208' title='bbox 607 3050 669 3102; x_wconf 84' lang='lat' dir='ltr'>Jarr</span> <span class='ocrx_word' id='word_1_209' title='bbox 719 3046 826 3115; x_wconf 66' lang='lat' dir='ltr'>argutia</span> <span class='ocrx_word' id='word_1_210' title='bbox 840 3045 899 3098; x_wconf 83' lang='lat' dir='ltr'>satis</span> <span class='ocrx_word' id='word_1_211' title='bbox 910 3046 1081 3099; x_wconf 82' lang='lat' dir='ltr'>confutantur</span> <span class='ocrx_word' id='word_1_212' title='bbox 1096 3045 1152 3115; x_wconf 82' lang='lat' dir='ltr'>ipso</span> <span class='ocrx_word' id='word_1_213' title='bbox 1168 3043 1228 3095; x_wconf 85' lang='lat' dir='ltr'>Ho-</span> 
     </span>
     <span class='ocr_line' id='line_1_28' title="bbox 162 3122 1213 3197; baseline -0.002 -21"><span class='ocrx_word' id='word_1_214' title='bbox 162 3127 226 3176; x_wconf 82' lang='lat' dir='ltr'>rrale</span> <span class='ocrx_word' id='word_1_215' title='bbox 236 3135 308 3194; x_wconf 84' lang='lat' dir='ltr'>puto.</span> <span class='ocrx_word' id='word_1_216' title='bbox 321 3125 425 3179; x_wconf 76' lang='lat' dir='ltr'>flurs.</span> <span class='ocrx_word' id='word_1_217' title='bbox 718 3125 786 3177; x_wconf 88' lang='lat' dir='ltr'>meri</span> <span class='ocrx_word' id='word_1_218' title='bbox 798 3123 875 3190; x_wconf 86' lang='lat' dir='ltr'>loco,</span> <span class='ocrx_word' id='word_1_219' title='bbox 889 3122 943 3177; x_wconf 86' lang='lat' dir='ltr'>0d.</span> <span class='ocrx_word' id='word_1_220' title='bbox 957 3133 996 3190; x_wconf 83' lang='lat' dir='ltr'>X,</span> <span class='ocrx_word' id='word_1_221' title='bbox 1008 3145 1031 3197; x_wconf 63' lang='lat'>9,</span> <span class='ocrx_word' id='word_1_222' title='bbox 1042 3143 1097 3193; x_wconf 83' lang='lat' dir='ltr'>sqq.</span> <span class='ocrx_word' id='word_1_223' title='bbox 1111 3141 1161 3186; x_wconf 79' lang='lat' dir='ltr'>ao,</span> <span class='ocrx_word' id='word_1_224' title='bbox 1173 3139 1213 3170; x_wconf 69' lang='grc' dir='ltr'>ιι.</span> 
     </span>
     <span class='ocr_line' id='line_1_29' title="bbox 198 3201 840 3274; baseline 0.002 -21"><span class='ocrx_word' id='word_1_225' title='bbox 198 3223 251 3254; x_wconf 81' lang='lat' dir='ltr'>raa.</span> <span class='ocrx_word' id='word_1_226' title='bbox 267 3203 370 3273; x_wconf 77' lang='lat' dir='ltr'>Vulgo,</span> <span class='ocrx_word' id='word_1_227' title='bbox 382 3214 410 3257; x_wconf 85' lang='lat' dir='ltr'>et</span> <span class='ocrx_word' id='word_1_228' title='bbox 421 3203 475 3274; x_wconf 88' lang='lat' dir='ltr'>ipse</span> <span class='ocrx_word' id='word_1_229' title='bbox 487 3203 670 3258; x_wconf 84' lang='lat' dir='ltr'>Burmannus:</span> <span class='ocrx_word' id='word_1_230' title='bbox 718 3201 840 3256; x_wconf 69' lang='lat' dir='ltr'>Lenitur.</span> 
     </span>
     <span class='ocr_line' id='line_1_30' title="bbox 161 3270 1227 3350; baseline -0.009 -16"><span class='ocrx_word' id='word_1_231' title='bbox 161 3282 190 3329; x_wconf 76' lang='lat' dir='ltr'>r‘n</span> <span class='ocrx_word' id='word_1_232' title='bbox 198 3282 340 3346; x_wconf 74' lang='lat' dir='ltr'>amplexus,</span> <span class='ocrx_word' id='word_1_233' title='bbox 352 3300 426 3344; x_wconf 82' lang='lat' dir='ltr'>care,</span> <span class='ocrx_word' id='word_1_234' title='bbox 435 3283 523 3350; x_wconf 68' lang='lat' dir='ltr'>,serere</span> <span class='ocrx_word' id='word_1_235' title='bbox 534 3289 597 3336; x_wconf 80' lang='lat' dir='ltr'>tuos.</span> <span class='ocrx_word' id='word_1_236' title='bbox 616 3282 669 3336; x_wconf 86' lang='lat' dir='ltr'>Sed</span> <span class='ocrx_word' id='word_1_237' title='bbox 759 3280 812 3332; x_wconf 80' lang='lat'>130.</span> <span class='ocrx_word' id='word_1_238' title='bbox 836 3280 911 3340; x_wconf 83' lang='lat' dir='ltr'>Heu,</span> <span class='ocrx_word' id='word_1_239' title='bbox 930 3297 1023 3346; x_wconf 87' lang='lat' dir='ltr'>precor</span> <span class='ocrx_word' id='word_1_240' title='bbox 1041 3286 1089 3329; x_wconf 82' lang='lat' dir='ltr'>ete</span> <span class='ocrx_word' id='word_1_241' title='bbox 1110 3270 1227 3325; x_wconf 79' lang='lat' dir='ltr'>Malebu</span> 
     </span>
     <span class='ocr_line' id='line_1_31' title="bbox 162 3355 1228 3426; baseline -0.006 -18"><span class='ocrx_word' id='word_1_242' title='bbox 162 3356 241 3426; x_wconf 74' lang='lat' dir='ltr'>friget</span> <span class='ocrx_word' id='word_1_243' title='bbox 257 3357 320 3409; x_wconf 83' lang='lat' dir='ltr'>illud</span> <span class='ocrx_word' id='word_1_244' title='bbox 338 3378 437 3421; x_wconf 70' lang='lat' dir='ltr'>carm</span> <span class='ocrx_word' id='word_1_245' title='bbox 453 3360 553 3414; x_wconf 77' lang='lat' dir='ltr'>Tiresia</span> <span class='ocrx_word' id='word_1_246' title='bbox 570 3359 670 3414; x_wconf 81' lang='lat' dir='ltr'>dictum</span> <span class='ocrx_word' id='word_1_247' title='bbox 719 3356 844 3411; x_wconf 85' lang='lat' dir='ltr'>Heinsius</span> <span class='ocrx_word' id='word_1_248' title='bbox 854 3395 861 3423; x_wconf 97' lang='lat'>,</span> <span class='ocrx_word' id='word_1_249' title='bbox 873 3359 928 3416; x_wconf 75' lang='lat' dir='ltr'>bic,</span> <span class='ocrx_word' id='word_1_250' title='bbox 938 3375 1042 3424; x_wconf 79' lang='lat' dir='ltr'>precor,</span> <span class='ocrx_word' id='word_1_251' title='bbox 1056 3355 1098 3404; x_wconf 82' lang='lat' dir='ltr'>hic</span> <span class='ocrx_word' id='word_1_252' title='bbox 1108 3367 1228 3417; x_wconf 79' lang='lat' dir='ltr'>properes</span> 
     </span>
     <span class='ocr_line' id='line_1_32' title="bbox 164 3429 1226 3508; baseline -0.007 -22"><span class='ocrx_word' id='word_1_253' title='bbox 164 3434 255 3498; x_wconf 85' lang='lat' dir='ltr'>Uiixi;</span> <span class='ocrx_word' id='word_1_254' title='bbox 272 3453 324 3487; x_wconf 89' lang='lat' dir='ltr'>nec</span> <span class='ocrx_word' id='word_1_255' title='bbox 341 3455 433 3490; x_wconf 84' lang='lat' dir='ltr'>sanum</span> <span class='ocrx_word' id='word_1_256' title='bbox 455 3448 520 3508; x_wconf 84' lang='lat' dir='ltr'>puto</span> <span class='ocrx_word' id='word_1_257' title='bbox 539 3443 671 3506; x_wconf 70' lang='lat' dir='ltr'>amplexus</span> <span class='ocrx_word' id='word_1_258' title='bbox 718 3439 784 3488; x_wconf 83' lang='lat' dir='ltr'>velle</span> <span class='ocrx_word' id='word_1_259' title='bbox 803 3441 888 3488; x_wconf 70' lang='lat' dir='ltr'>uenere</span> <span class='ocrx_word' id='word_1_260' title='bbox 904 3438 967 3488; x_wconf 80' lang='lat' dir='ltr'>dies.</span> <span class='ocrx_word' id='word_1_261' title='bbox 986 3429 1133 3492; x_wconf 80' lang='lat' dir='ltr'>Francius,</span> <span class='ocrx_word' id='word_1_262' title='bbox 1153 3446 1226 3494; x_wconf 75' lang='lat' dir='ltr'>quaro</span> 
     </span>
     <span class='ocr_line' id='line_1_33' title="bbox 164 3511 1231 3586; baseline -0.007 -23"><span class='ocrx_word' id='word_1_263' title='bbox 164 3518 237 3574; x_wconf 74' lang='lat' dir='ltr'>tuos,</span> <span class='ocrx_word' id='word_1_264' title='bbox 254 3531 305 3582; x_wconf 88' lang='lat' dir='ltr'>pro</span> <span class='ocrx_word' id='word_1_265' title='bbox 325 3517 419 3566; x_wconf 69' lang='lat' dir='ltr'>tuorum</span> <span class='ocrx_word' id='word_1_266' title='bbox 434 3515 571 3586; x_wconf 79' lang='lat' dir='ltr'>amplexus.</span> <span class='ocrx_word' id='word_1_267' title='bbox 584 3516 671 3570; x_wconf 86' lang='lat' dir='ltr'>Docet</span> <span class='ocrx_word' id='word_1_268' title='bbox 715 3533 815 3581; x_wconf 78' lang='lat' dir='ltr'>precor,</span> <span class='ocrx_word' id='word_1_269' title='bbox 830 3512 886 3578; x_wconf 83' lang='lat' dir='ltr'>vel,</span> <span class='ocrx_word' id='word_1_270' title='bbox 898 3515 941 3564; x_wconf 77' lang='lat' dir='ltr'>hic</span> <span class='ocrx_word' id='word_1_271' title='bbox 953 3526 1053 3578; x_wconf 86' lang='lat' dir='ltr'>precor,</span> <span class='ocrx_word' id='word_1_272' title='bbox 1068 3511 1099 3558; x_wconf 79' lang='lat' dir='ltr'>a!</span> <span class='ocrx_word' id='word_1_273' title='bbox 1112 3513 1231 3572; x_wconf 79' lang='lat' dir='ltr'>properet</span> 
     </span>
     <span class='ocr_line' id='line_1_34' title="bbox 164 3582 1224 3663; baseline -0.009 -21"><span class='ocrx_word' id='word_1_274' title='bbox 164 3609 269 3659; x_wconf 86' lang='lat' dir='ltr'>quoque</span> <span class='ocrx_word' id='word_1_275' title='bbox 280 3609 371 3643; x_wconf 85' lang='lat' dir='ltr'>versus</span> <span class='ocrx_word' id='word_1_276' title='bbox 379 3610 486 3660; x_wconf 85' lang='lat' dir='ltr'>sequens</span> <span class='ocrx_word' id='word_1_277' title='bbox 495 3594 527 3647; x_wconf 89' lang='lat' dir='ltr'>de</span> <span class='ocrx_word' id='word_1_278' title='bbox 538 3593 670 3663; x_wconf 74' lang='lat' dir='ltr'>Penelope</span> <span class='ocrx_word' id='word_1_279' title='bbox 719 3594 785 3642; x_wconf 82' lang='lat' dir='ltr'>velle</span> <span class='ocrx_word' id='word_1_280' title='bbox 796 3595 880 3641; x_wconf 83' lang='lat' dir='ltr'>vcrr&#39;rc</span> <span class='ocrx_word' id='word_1_281' title='bbox 887 3592 949 3641; x_wconf 79' lang='lat' dir='ltr'>dies.</span> <span class='ocrx_word' id='word_1_282' title='bbox 958 3587 1049 3639; x_wconf 80' lang='lat' dir='ltr'>Posset</span> <span class='ocrx_word' id='word_1_283' title='bbox 1059 3592 1087 3635; x_wconf 78' lang='lat' dir='ltr'>ct</span> <span class='ocrx_word' id='word_1_284' title='bbox 1095 3582 1144 3652; x_wconf 75' lang='lat' dir='ltr'>legi</span> <span class='ocrx_word' id='word_1_285' title='bbox 1154 3602 1160 3635; x_wconf 91' lang='lat'>:</span> <span class='ocrx_word' id='word_1_286' title='bbox 1169 3584 1224 3643; x_wconf 81' lang='lat' dir='ltr'>heu,</span> 
     </span>
     <span class='ocr_line' id='line_1_35' title="bbox 163 3661 1229 3741; baseline -0.008 -21"><span class='ocrx_word' id='word_1_287' title='bbox 163 3687 317 3720; x_wconf 84' lang='lat' dir='ltr'>sermonem</span> <span class='ocrx_word' id='word_1_288' title='bbox 333 3687 394 3722; x_wconf 86' lang='lat' dir='ltr'>esse.</span> <span class='ocrx_word' id='word_1_289' title='bbox 412 3669 501 3741; x_wconf 70' lang='lat' dir='ltr'>ltaque</span> <span class='ocrx_word' id='word_1_290' title='bbox 516 3691 572 3726; x_wconf 87' lang='lat' dir='ltr'>non</span> <span class='ocrx_word' id='word_1_291' title='bbox 589 3671 671 3726; x_wconf 84' lang='lat' dir='ltr'>dubi-</span> <span class='ocrx_word' id='word_1_292' title='bbox 715 3685 815 3736; x_wconf 88' lang='lat' dir='ltr'>precor,</span> <span class='ocrx_word' id='word_1_293' title='bbox 828 3663 1154 3731; x_wconf 82' lang='lat' dir='ltr'>heupropercsr&#39;lleveru&#39;re,</span> <span class='ocrx_word' id='word_1_294' title='bbox 1165 3661 1229 3712; x_wconf 79' lang='lat' dir='ltr'>dies.</span> 
     </span>
     <span class='ocr_line' id='line_1_36' title="bbox 164 3743 1231 3809; baseline -0.007 -11"><span class='ocrx_word' id='word_1_295' title='bbox 164 3755 252 3798; x_wconf 63' lang='lat' dir='ltr'>muter</span> <span class='ocrx_word' id='word_1_296' title='bbox 261 3745 376 3799; x_wconf 84' lang='lat' dir='ltr'>correxi:</span> <span class='ocrx_word' id='word_1_297' title='bbox 720 3745 756 3797; x_wconf 81' lang='lat' dir='ltr'>Et</span> <span class='ocrx_word' id='word_1_298' title='bbox 772 3761 849 3807; x_wconf 83' lang='lat' dir='ltr'>mox,</span> <span class='ocrx_word' id='word_1_299' title='bbox 868 3743 970 3808; x_wconf 59' lang='lat' dir='ltr'>arripui</span> <span class='ocrx_word' id='word_1_300' title='bbox 981 3758 1082 3792; x_wconf 74' lang='lat' dir='ltr'>maeres</span> <span class='ocrx_word' id='word_1_301' title='bbox 1098 3745 1143 3809; x_wconf 81' lang='lat' dir='ltr'>qui</span> <span class='ocrx_word' id='word_1_302' title='bbox 1154 3743 1231 3792; x_wconf 76' lang='lat' dir='ltr'>letos</span> 
     </span>
     <span class='ocr_line' id='line_1_37' title="bbox 199 3817 1007 3891; baseline -0.007 -17"><span class='ocrx_word' id='word_1_303' title='bbox 199 3835 223 3875; x_wconf 82' lang='lat' dir='ltr'>lu</span> <span class='ocrx_word' id='word_1_304' title='bbox 231 3837 348 3889; x_wconf 75' lang='lat' dir='ltr'>amplexus.</span> <span class='ocrx_word' id='word_1_305' title='bbox 360 3850 421 3891; x_wconf 78' lang='lat' dir='ltr'>ms,</span> <span class='ocrx_word' id='word_1_306' title='bbox 432 3838 528 3891; x_wconf 68' lang='lat' dir='ltr'>ferorque</span> <span class='ocrx_word' id='word_1_307' title='bbox 538 3848 587 3879; x_wconf 75' lang='lat' dir='ltr'>tusc.</span> <span class='ocrx_word' id='word_1_308' title='bbox 603 3840 658 3880; x_wconf 71' lang='lat' dir='ltr'>Lu.</span> <span class='ocrx_word' id='word_1_309' title='bbox 713 3821 817 3888; x_wconf 62' lang='lat' dir='ltr'>sudem</span> <span class='ocrx_word' id='word_1_310' title='bbox 829 3823 897 3874; x_wconf 71' lang='lat' dir='ltr'>lccll&#39;.</span> <span class='ocrx_word' id='word_1_311' title='bbox 909 3817 1007 3872; x_wconf 71' lang='lat' dir='ltr'>Boni.</span> 
     </span>
    </p>
   </div>
   <div class='ocr_carea' id='block_1_4' title="bbox 574 4023 810 4048">
    <p class='ocr_par' dir='ltr' id='par_1_10' title="bbox 574 4023 810 4048">
     <span class='ocr_line' id='line_1_38' title="bbox 574 4023 810 4048; baseline -0.008 -4"><span class='ocrx_word' id='word_1_312' title='bbox 574 4023 810 4048; x_wconf 49' lang='lat' dir='ltr'>»mam-n·-</span> 
     </span>
    </p>
   </div>
   <div class='ocr_carea' id='block_1_5' title="bbox 0 0 1400 4696">
    <p class='ocr_par' dir='ltr' id='par_1_11' title="bbox 0 0 1400 4696">
     <span class='ocr_line' id='line_1_39' title="bbox 0 0 1400 4696; baseline 0 1"><span class='ocrx_word' id='word_1_313' title='bbox 0 0 1400 4696; x_wconf 95' lang='lat' dir='ltr'> </span> 
     </span>
    </p>
   </div>
  </div>
 </body>
</html>
