2790 4696
170 313 236 402 ado
495 316 761 389 EPISTOLA
786 324 902 391 XIII.

169 458 250 532 Sors
268 483 399 557 proque
416 457 528 531 nescio
546 486 642 559 quern
659 461 728 534 lato
747 461 900 558 designat
915 463 1056 566 iniquo,

219 570 289 666 Qui
305 571 431 671 primus
448 572 602 645 Danaum
619 575 750 649 Troada
767 593 882 672 tangat
897 577 1047 653 humum.

169 687 305 774 Infelix,
324 715 396 788 qua
412 688 519 788 prima
535 689 644 765 virum
660 689 792 786 lugebit
807 691 990 768 ademtum!

218 804 264 878 Di
280 804 417 892 saciant,
435 833 477 878 ne
494 822 533 879 tn
548 823 704 881 strenuus
721 835 792 882 esse
809 807 911 883 velis!

168 923 260 995 Inter
277 919 366 995 mille
382 937 469 995 rates
485 937 541 994 tna
558 921 603 995 sit
617 921 790 996 millesima
805 923 947 1025 puppis;

217 1038 357 1136 Jamque
373 1034 525 1130 fatigatas
542 1034 660 1110 ultima
675 1054 782 1111 verset
798 1066 911 1139 aquas.

169 1154 244 1229 Hoc
262 1180 395 1253 quoque
412 1178 598 1252 pramoneo
614 1182 623 1223 ε
637 1151 678 1226 de
694 1180 777 1227 nare
793 1155 995 1229 novissimus
1012 1157 1074 1230 exi.

216 1272 294 1344 Non
311 1283 377 1354 cst,
396 1295 464 1367 quo
481 1294 656 1367 properes,
676 1285 762 1344 terra
779 1288 915 1372 paterna
932 1273 1006 1346 tibi.

169 1386 285 1482 Quum
300 1380 426 1469 venies,
445 1378 603 1482 remoque
620 1411 731 1474 move,
749 1386 889 1488 veloque
902 1390 1062 1480 carinam;

215 1501 321 1598 Inque
338 1513 396 1569 tuo
410 1493 549 1570 celerem
565 1494 664 1572 litore
679 1499 759 1574 siste
776 1501 923 1597 gradum.

167 1617 241 1692 Sive
259 1612 340 1687 latet
355 1610 524 1698 Phoebus,
541 1638 600 1685 seu
614 1615 711 1687 terris
727 1614 825 1690 altior
841 1636 950 1706 extat,

215 1733 269 1804 Tu
285 1726 369 1802 milri
386 1726 459 1801 luce
476 1725 590 1816 dolor,
608 1746 647 1803 tn
663 1728 745 1803 mihi
764 1749 877 1820 nocte,
896 1732 1011 1807 renis:

167 1850 275 1924 Nocte
293 1863 418 1931 umen,
438 1873 537 1944 quam
553 1843 640 1933 lnce,
656 1845 771 1940 magia.
796 1847 873 1920 Nox
890 1865 982 1941 grata
997 1846 1134 1948 puellis,
1182 1870 1225 1920 ms

214 1964 365 2060 Quarum
382 1961 575 2062 suppositus
593 1959 678 2035 colla
694 1960 834 2036 lacertus
851 1963 962 2038 habet.

166 2084 328 2181 Aucupor
343 2079 380 2151 in
396 2077 482 2152 lecto
499 2077 672 2151 mendaces
688 2076 801 2152 caelibe
815 2107 973 2154 somnos:

214 2199 305 2271 Dum
322 2223 416 2269 careo
434 2193 533 2281 veris,
552 2191 671 2288 gaudia
687 2192 767 2266 falsa
783 2194 907 2293 juvant.

166 2314 234 2389 Sed
250 2331 307 2387 tua
321 2340 381 2385 cur
396 2309 497 2384 nobis
515 2306 642 2409 pallens
660 2309 804 2382 occurrit
820 2311 958 2405 imago?

217 2429 287 2503 Cur
301 2426 393 2500 venit
409 2454 429 2499 a
444 2424 556 2499 verbis
571 2421 676 2497 multa
694 2422 827 2524 querela
844 2425 936 2498 tuis?
1184 2464 1223 2501 ιιο

197 2619 237 2691 93.
257 2619 316 2670 Sors
330 2634 424 2686 qaoque
438 2617 523 2668 nescio
534 2630 606 2681 qam
624 2620 673 2664 etc.
721 2627 807 2679 aquas.
825 2608 908 2679 Optat
920 2610 1061 2663 Laodamia
1074 2623 1103 2664 ut
1116 2612 1223 2669 Graan·

166 2695 335 2767 Hyginum.
346 2709 435 2747 cruz«
448 2689 553 2744 Achivis
561 2688 610 2741 suit
621 2706 673 2740 res-
721 2706 782 2741 rum
795 2689 998 2757 ults'rrsusconjux
1007 2689 1157 2757 Troianum
1172 2692 1224 2747 tito

166 2795 294 2846 pousum,
314 2793 391 2835 eum,
413 2769 457 2841 qui
477 2767 577 2839 primus
595 2766 671 2818 litora
719 2776 822 2835 tangat,
838 2765 1143 2836 utoraculumeffugiat,
1158 2766 1224 2839 quod

165 2855 345 2923 Troianorum
357 2849 496 2919 attigisset,
514 2846 671 2916 periturum.
718 2853 833 2896 mortem
842 2843 877 2896 illi
886 2842 1017 2895 minatur:

166 2932 261 3000 Quum
270 2928 362 2984 Achivi
371 2926 462 2980 classes
472 2923 669 2993 applicuissent,
744 2930 785 2980 Qui
790 2931 867 2981 primm
874 2931 964 2968 naum
972 2929 1050 2968 Tro-d·
1058 2937 1125 2981 tur-r
1135 2930 1222 2972 hun

163 3010 255 3063 ceteris
264 3004 458 3070 cunctantibus,
472 3001 557 3055 Iolaus
565 3040 572 3067 ,
581 2998 672 3069 Iphicli
754 3004 844 3056 roS-Ii.
855 3006 914 3056 Not
921 3008 1111 3072 gmlapucllri,
1124 3026 1223 3076 qam

163 3099 190 3142 et
202 3083 354 3140 Diomedeae
361 3082 447 3148 tilius,
468 3080 567 3150 primus
578 3098 592 3132 e
604 3095 670 3131 nare
717 3087 861 3150 suppositus
870 3086 938 3135 colla
945 3086 1146 3138 tacennstatct.
1158 3086 1224 3139 Sua-

164 3163 296 3234 prosiluit,
309 3161 354 3231 qui
363 3160 395 3214 alr
404 3160 520 3212 Hectore
532 3155 669 3211 confestim
718 3160 756 3214 vi,
767 3171 806 3213 est
816 3160 960 3215 admodum
973 3162 1073 3231 pictura
1087 3161 1143 3218 hm
1158 3163 1223 3217 dm».

162 3241 378 3306 estinterlectus,
392 3254 472 3309 quern
483 3233 671 3305 carnetiappel·
718 3239 824 3293 mientis
845 3240 950 3306 miuus,
970 3259 1050 3310 quarn
1072 3240 1223 3295 somniantis

161 3321 428 3379 taruntpmtesuaum
438 3314 564 3386 qnoniam
571 3314 670 3384 primus
719 3318 828 3388 puellae,
844 3329 871 3372 et
882 3318 1020 3371 meditanti
1030 3318 1133 3384 similis,
1144 3320 1223 3390 capite

162 3419 193 3451 ex
211 3398 333 3452 omnibus
354 3395 474 3466 perierat.
498 3391 580 3461 Quod
605 3408 671 3445 uxor
718 3400 746 3448 r'n
769 3400 890 3449 lacertum
913 3396 1027 3449 molliter
1046 3395 1180 3450 reclinato.
1193 3422 1224 3438 -

163 3476 304 3530 Laodamia
315 3474 401 3529 Acasti
409 3473 462 3526 filia
469 3490 552 3542 quum
558 3470 669 3524 audisset
718 3474 813 3529 Nescio
824 3476 882 3543 quis
889 3477 1111 3528 madlr'lacertum.
1124 3474 1223 3528 intelli·

162 3574 225 3608 cum
237 3556 359 3625 periisse,
380 3552 454 3624 petiit
467 3550 565 3616 aDiis,
582 3546 669 3603 utalbi
719 3553 836 3623 gendum
845 3551 1034 3607 contendebat!
1049 3551 1105 3619 Qui
1115 3573 1179 3606 vero
1191 3553 1224 3607 sic

161 3653 223 3686 cum
235 3654 267 3688 co
280 3647 332 3687 tres
343 3635 421 3687 horas
436 3629 547 3702 colloqui
564 3629 669 3684 liceret:
717 3630 922 3701 interpretatur,
938 3640 1042 3700 poetam
1057 3650 1085 3683 se
1106 3632 1223 3685 occidisse

162 3729 215 3777 quo
226 3712 366 3781 impetrato
377 3732 391 3764 a
404 3709 538 3764 Mercurio
547 3705 669 3762 reductus
717 3711 814 3764 merito
824 3708 965 3777 jactaverit.
985 3707 1124 3762 Notandus
1141 3710 1170 3762 in
1180 3728 1223 3763 se-

162 3797 214 3839 tres
238 3790 315 3844 horas
330 3811 392 3845 cum
412 3810 445 3844 eo
467 3788 593 3844 collocuta
612 3799 668 3841 est:
717 3786 825 3855 quenti,
838 3789 919 3837 tectu
929 3788 1026 3837 celebs.

162 3863 249 3931 quod,
265 3868 363 3922 iterum
382 3887 464 3939 quum
478 3867 580 3921 obiisset
600 3868 669 3922 Pro-
753 3881 807 3935 roo,
818 3864 870 3916 Sed
878 3866 1167 3930 tnacuraeotispalleus
1176 3871 1223 3914 etc.

162 3941 279 4008 tesilaus,
303 3945 422 3999 dolorem
440 3946 492 4016 pati
511 3964 567 3999 non
584 3944 669 4015 potuit
717 3940 811 3994 Nescio
820 3940 883 4011 quid
891 3941 953 3995 mali
960 3942 1094 4012 praesagit;
1107 3938 1223 4011 praesagit

161 4017 310 4072 Laodamia.
321 4043 335 4068 ι.
716 4029 822 4086 tamen,
840 4031 866 4073 et
877 4019 951 4074 valde
970 4020 1098 4073 turbatur.
1117 4019 1224 4089 nrpm·

192 4097 233 4170 9⁸·
241 4100 581 4169 Jamquesalr'eatasultrinae
586 4106 670 4157 verset
716 4118 775 4153 sum
786 4118 847 4156 rere
858 4120 873 4153 e
886 4101 966 4172 genio
977 4101 1132 4156 amantium.
