2790 4696
521 348 875 429 CONSOLATIO.

163 487 277 561 Sidera
290 487 371 586 quin
387 486 485 560 etiam
502 485 580 560 caelo
598 485 723 583 fugisse
739 476 911 572 feruntur3

211 600 342 674 Lucifer
359 619 391 674 et
408 599 523 674 solitus
539 600 726 675 destituisse
740 601 818 675 rias.

163 715 295 790 Lucifer
311 717 346 790 in
364 734 436 789 toto
453 716 538 790 nulli
554 717 739 817 comparuit
753 717 855 804 orbe,

211 831 258 903 Et
272 831 362 903 venit
377 829 472 905 stella
489 859 558 905 non
575 847 742 932 preeunte
759 830 839 904 dies.

164 944 288 1018 Sideris
304 945 369 1019 hoc
386 947 501 1020 obitus
518 946 614 1020 terris
631 946 753 1021 instare
770 944 944 1032 monebat3

211 1062 256 1132 Et
272 1062 375 1156 mergi
394 1063 509 1164 Stygia
522 1061 636 1138 nobile
653 1061 765 1137 lumen
782 1088 877 1162 aqua.

164 1174 211 1246 At
228 1191 283 1262 tu,
303 1177 361 1276 qui
376 1206 512 1279 superes
529 1195 653 1254 mcestae
670 1176 788 1250 solatia
804 1174 923 1261 matri,

214 1289 432 1391 Compreeor,
450 1291 499 1365 illi
515 1293 580 1393 ipsi
596 1291 797 1392 conspiciare
815 1317 925 1365 senex.

165 1405 293 1505 Perque
311 1436 416 1481 annos
434 1408 611 1482 diuturnus
629 1435 683 1482 eas
698 1406 876 1506 frutrisqne
898 1422 1056 1505 tuosque3

213 1525 258 1595 Et
274 1522 361 1596 vivat
376 1541 454 1596 nato
469 1553 544 1598 cum
561 1551 638 1597 sene
655 1540 761 1597 mater
777 1549 870 1595 anns.

166 1639 332 1711 Eventnra
348 1665 487 1738 precor:
507 1641 598 1713 Deus
615 1666 768 1712 excusare
784 1637 896 1737 priora

215 1753 306 1826 Dum
321 1751 425 1841 volet,
441 1782 460 1826 a
477 1756 590 1828 Druso
606 1771 712 1828 cetera
728 1750 802 1826 laeta
817 1749 920 1824 dabit

124 1868 128 1877 ’
166 1869 219 1940 Tu
238 1884 346 1941 tamen
362 1897 440 1943 ausa
456 1887 553 1970 potes
573 1886 666 1944 tanto
684 1865 859 1961 indulgere
877 1863 1003 1952 dolori,

215 1983 363 2077 Longius
379 2002 418 2057 ut
433 1983 537 2071 nolis,
555 1984 619 2057 beu
637 1983 850 2078 malefortis,
868 1980 921 2054 ali.

167 2097 233 2169 Vix
249 2097 346 2170 etiam
364 2097 472 2172 fueras
490 2125 611 2200 paucas
627 2096 735 2170 vitalis
751 2098 788 2169 in
804 2097 925 2184 boras,

217 2213 353 2288 Obtulit
369 2214 477 2287 invitae
494 2241 597 2314 quum
614 2214 677 2287 tibi
695 2214 804 2287 Caesar
821 2239 941 2312 opem:
1175 2236 1225 2303 420

169 2392 215 2445 sed
227 2411 319 2460 parum
333 2391 398 2445 adeo
410 2390 535 2457 feliciter,
548 2391 673 2444 utfatea-
724 2392 795 2442 uolet
810 2397 859 2443 etc.
889 2388 945 2443 Nec
963 2407 1029 2442 rana
1052 2409 1162 2460 precor;
1186 2394 1232 2448 Dii

170 2478 214 2521 tur
235 2469 327 2522 Burm.
348 2467 549 2538 exspectandum
573 2485 627 2520 esse
656 2484 675 2517 a
724 2467 813 2534 enim,
834 2466 973 2520 titillatum
990 2466 1070 2521 Drusi
1088 2481 1174 2524 morte
1186 2491 1231 2524 ca·

169 2551 241 2600 letas
263 2551 405 2600 metientis
425 2549 546 2599 auxilium
569 2560 577 2593 ··
603 2542 673 2613 quod
723 2546 866 2600 lamitatem
887 2545 1062 2611 imminuant,
1092 2547 1156 2601 nihil
1174 2567 1231 2602 non

171 2644 254 2695 quum
280 2625 355 2678 nobis
381 2622 502 2677 nondum
527 2621 649 2692 obtigerit
665 2629 688 2687 ,'
723 2623 782 2677 felix
798 2642 827 2676 ac
843 2640 998 2693 prosperum
1011 2624 1089 2677 matri
1107 2625 1230 2697 deinceps

171 2702 333 2774 desperatam
345 2703 423 2756 tantis
436 2702 496 2754 viris
512 2700 674 2755 curationem
723 2712 751 2755 et
766 2700 839 2755 fratri
852 2701 1005 2755 concedent.

172 2801 225 2834 non
238 2782 411 2851 suscipiemus
428 2780 521 2849 Neque
538 2779 574 2832 ita
589 2797 674 2848 repu-
754 2784 811 2851 ⁴¹7·
842 2783 881 2834 Tu
899 2788 984 2834 lamen
1004 2801 1069 2835 ansa
1086 2790 1162 2852 poles
1181 2796 1231 2839 etc.

172 2857 674 2930 marquiseseprimumottercsensus3
723 2861 824 2914 Liviam
845 2861 981 2932 increpat,
1009 2881 1068 2932 que
1092 2865 1128 2918 ita
1147 2862 1231 2917 dolori

171 2941 269 2991 domnos
284 2940 379 2992 scilicet
396 2937 529 3003 Junonis,
546 2936 675 2988 Minerva
723 2940 838 3009 primum
849 2938 954 2992 videtur
964 2937 1114 3005 indulsisse,
1133 2949 1161 2991 ut
1171 2942 1230 2990 lote-

172 3026 200 3069 et
223 3015 352 3081 Caesaris,
376 3021 449 3068 soca
468 3017 554 3081 (mi,
571 3011 598 3064 id
619 3022 674 3077 est,
720 3019 778 3083 gius
794 3019 836 3068 ali
850 3015 985 3078 noluerit;
1009 3015 1101 3083 risque
1114 3019 1236 3081 precanti

173 3093 306 3157 ominosa,
319 3093 439 3158 exitiosa,
452 3090 561 3143 fulmine
572 3089 675 3142 simula
723 3103 750 3146 et
755 3093 862 3160 jubenti
875 3093 954 3146 etiam
968 3092 1102 3160 Augusto,
1122 3090 1164 3144 cui
1179 3110 1230 3143 nou

173 3170 240 3221 Jove
255 3174 332 3220 ictam
351 3169 435 3222 fuisse.
464 3168 562 3221 Forsan
580 3178 608 3218 et
627 3170 677 3218 tria
724 3173 806 3220 mittor
822 3178 878 3220 erat
896 3182 975 3236 quam
992 3166 1047 3218 filio
1066 3167 1229 3235 (Tiberio),

174 3243 440 3312 becessetempla,de
448 3243 542 3312 quibus
550 3241 678 3311 superiori
725 3243 1058 3313 curaservandoeparentis,
1066 3245 1147 3296 vitam
1155 3263 1230 3298 suam
1328 3288 1332 3295 .

174 3340 249 3374 versu
260 3321 361 3374 locutus
373 3330 428 3386 est,
449 3320 622 3389 credipotest.
725 3321 888 3376 concesserit.
915 3321 981 3374 lloec
1003 3322 1109 3375 Poeta:
1129 3321 1231 3377 Seneca

206 3401 235 3466 41
243 3421 263 3452 r.
278 3401 318 3452 A!
327 3405 369 3455 tu.
386 3403 537 3466 perrupere:
551 3407 599 3450 ete.
613 3394 678 3449 Ser-
725 3416 797 3464 vem,
808 3396 941 3452 Consolat.
951 3397 983 3451 ad
992 3399 1075 3452 Marc.
1087 3415 1116 3453 tv
1125 3419 1132 3452 ι
1142 3422 1156 3445 κ
1169 3400 1231 3467 llln,

173 3494 220 3529 mo
231 3495 302 3530 nunc
314 3476 346 3530 ad
359 3475 496 3529 Tiberium
507 3492 653 3528 conversus
724 3477 812 3546 inquit
826 3515 834 3542 ,
856 3477 884 3529 in
901 3475 986 3544 primo
1003 3477 1122 3540 fervore,
1147 3497 1232 3547 quum

206 3557 520 3622 414.Etv1'ealnatocun
530 3557 683 3604 sesemet
726 3555 836 3607 maxime
861 3553 1051 3624 impatientes,
1081 3556 1231 3624 ferocesque

173 3652 246 3686 am.
259 3634 330 3686 Vixit
344 3633 451 3701 quidem
469 3649 533 3684 auus
548 3629 634 3691 Lirin,
651 3639 679 3682 et
726 3642 788 3686 sunt
796 3631 920 3696 miserie,
932 3650 959 3685 se
965 3631 1150 3685 consolandam
1159 3634 1230 3687 Areo

174 3711 504 3781 mutopmrecteejam
522 3706 617 3770 etatis3
632 3705 679 3760 sed
727 3708 879 3779 philosopho
902 3708 1034 3778 prebuit,
1067 3719 1094 3762 et
1117 3711 1231 3766 multum

175 3807 237 3842 eum
253 3799 374 3858 experta,
393 3799 421 3841 ut
433 3788 517 3841 multo
529 3787 554 3840 ei
574 3785 679 3856 prosti-
727 3803 855 3838 eamrem
864 3786 989 3855 profuisse
998 3786 1046 3839 sibi
1056 3788 1171 3842 confessa
1180 3800 1232 3842 est:
1330 3803 1334 3808 ·

141 3929 147 3941 ι
175 3867 264 3932 tinet,
288 3877 429 3935 antequam
447 3865 567 3920 Tiberius
588 3865 679 3934 impe-
726 3862 784 3932 plus
807 3880 886 3932 quam
910 3862 1036 3933 populum
1061 3865 1231 3935 Romanurn,

175 3956 260 4011 raret,
273 3945 407 3998 interiisse.
419 3943 487 3997 Vide
499 3945 608 3998 Suetou.
620 3941 678 3994 Tib.
727 3958 807 4009 quem
824 3940 930 3994 nolebat
945 3941 1045 3995 tristem
1065 3942 1166 3997 tristitia
1184 3963 1231 3997 sua

175 4043 248 4095 capp.
261 4028 294 4077 50
307 4033 333 4076 et
348 4027 387 4076 5ι.
726 4019 811 4071 facere
823 4032 830 4066 t
843 4017 985 4089 plusquam
994 4020 1230 4092 Augustum,qui,

209 4105 265 4170 41⁵.
292 4104 364 4155 Deus
381 4118 503 4155 excusate
518 4102 603 4165 μήνη
621 4099 680 4149 dum
727 4095 943 4151 subductoaltero
954 4096 1122 4166 sdminiculo,
1135 4098 1234 4152 tituba-
