2754 5160
153 808 221 896 too
455 802 916 875 raurarruucuns.
1130 824 1154 845 .-
1188 792 1245 887 :²⁴3³

200 950 312 1034 Quum
332 946 434 1037 igitur
457 944 498 1013 lis
525 957 632 1011 tantos
654 946 743 1011 inter
768 946 857 1011 viros
879 944 971 1039 qussi
995 942 1226 1039 componenda

152 1063 248 1130 nobis
266 1063 429 1153 supersit,
456 1058 686 1151 expendendas
706 1060 778 1125 sine
793 1056 904 1127 studio
925 1060 1073 1127 rationes
1094 1062 1224 1129 censui·

153 1200 248 1258 mus,
267 1176 388 1268 quibus
402 1199 494 1240 suam
510 1176 650 1268 quisque
668 1176 862 1268 opinionem
875 1176 963 1242 tueri
979 1188 1134 1245 conatur.

199 1291 249 1356 Aa
275 1292 423 1382 primum
446 1288 584 1381 quidem
606 1288 649 1357 de
665 1288 802 1357 Pedona
828 1288 1096 1382 inquirendum,
1130 1316 1174 1357 an
1200 1293 1226 1357 is

158 1405 321 1471 exstiterit
344 1416 460 1496 poeta,
491 1406 544 1469 cui
569 1408 875 1494 praestantissumam
897 1403 983 1470 illud
1001 1428 1106 1497 opus,
1131 1419 1167 1474 et
1180 1418 1227 1473 tot

151 1522 278 1610 ingenii
290 1517 463 1585 &minibus
476 1520 623 1610 insigne,
641 1519 866 1606 tribueretur3
882 1542 988 1611 quum
999 1519 1050 1587 illi
1067 1522 1151 1613 ipsi,
1171 1524 1227 1615 qui

152 1622 325 1714 tribuunt,
342 1632 507 1699 fateantur
518 1633 667 1725 Elegiam
678 1638 714 1699 in
723 1632 844 1700 obituum
851 1635 1067 1709 Maecenatis,
1081 1634 1229 1718 ejusdem

154 1748 279 1838 ingenii
300 1745 438 1827 foetum,
471 1763 576 1813 totam
594 1746 779 1839 languere,
809 1772 870 1816 nec
893 1746 1081 1841 quidquam
1102 1749 1228 1817 habere

155 1860 290 1952 aligerum
298 1857 602 1952 Augustceooevo*.
618 1862 779 1929 Meminit
792 1861 929 1955 quidem
938 1861 1085 1930 Pedonis
1093 1866 1229 1951 Quinti·

154 1974 273 2056 lianus,
287 1974 349 2042 lib.
360 1997 383 2042 x
391 2026 402 2057 ‚
427 1973 524 2061 15sed
535 1972 662 2059 obiter,
679 1988 713 2043 et
724 1975 946 2067 cumRabirio
959 1956 1176 2071 conjungens,
1186 1978 1227 2046 de

153 2089 295 2183 quibus:
310 2114 380 2157 non
390 2090 537 2183 indigni,
552 2092 681 2184 inquit,
699 2094 886 2184 cognitione
890 2121 906 2175 ,·
919 2090 980 2159 sed
995 2092 1060 2159 illis
1073 2104 1225 2176 tantum,

154 2206 276 2299 quibus
290 2224 442 2274 vacaret.
464 2205 562 2294 Quod
573 2220 664 2275 certe
676 2229 745 2273 non
759 2210 1003 2299 pronuntiasset
1015 2206 1115 2291 judex
1128 2232 1227 2301 saga·

152 2324 299 2387 sissimus
310 2320 352 2387 de
367 2335 500 2389 auctore
516 2322 761 2390 Consolationis
776 2323 826 2389 ad
835 2322 971 2391 Liviam.
989 2324 1034 2389 At
1042 2373 1054 2406 ,
1069 2324 1229 2417 inquient

154 2434 275 2519 forsan,
287 2440 434 2529 perierat
442 2462 591 2520 carmen,
610 2462 714 2531 quum
725 2437 796 2504 hec
805 2437 1029 2525 Quintilianus
1042 2422 1226 2507 scriberet:

155 2554 301 2645 perierat
323 2555 425 2643 igitur
451 2577 605 2645 quoque,
632 2563 783 2644 tempore
799 2551 933 2621 Senecae
951 2554 1109 2620 Rhetoris
1121 2605 1133 2636 ‚
1172 2555 1227 2649 qrri

156 2692 260 2760 quum
277 2669 407 2735 Suasor.
429 2690 459 2750 1,
481 2660 703 2761 fragmentum
718 2665 862 2735 Pedonis
879 2666 995 2735 afferat
1019 2668 1062 2736 de
1076 2669 1225 2762 Naviga-

155 2787 244 2850 tione
263 2784 454 2855 Gemtanici
467 2809 530 2876 per
554 2784 723 2855 Oceanum
746 2784 1036 2877 septentrionalem
1050 2838 1063 2861 ,
1106 2784 1225 2852 nullam

115 2878 121 2891 ’
156 2900 292 2965 omnino
321 2897 363 2964 de
391 2897 658 2974 Consolatione,
694 2898 808 2965 aliisve
839 2898 1046 2966 Albinovani
1072 2898 1224 2993 operibus

157 3015 363 3079 mentionem
380 3011 488 3078 faciat.
511 2994 578 3080 Seri
598 3010 641 3078 ad
656 3014 887 3081 auctoritatem
901 3013 1129 3107 confugiamus
1149 3038 1223 3105 gra·

153 3128 256 3191 rioris
271 3128 376 3193 multo
398 3125 557 3218 ponderis
575 3149 582 3187 τ
602 3126 694 3193 illam
710 3126 785 3193 dico
799 3126 915 3194 Ovidii
924 3179 935 3210 ,
959 3132 1016 3195 cui
1030 3132 1142 3197 vixisse
1155 3130 1221 3195 Pe·

154 3224 279 3305 ¹donem
290 3242 594 3324 conjunctissimum
608 3255 734 3309 constat
743 3294 754 3325 ,
772 3267 811 3308 ex
826 3244 940 3335 Elegia
960 3264 1011 3329 x,
1033 3243 1072 3310 de
1091 3246 1222 3327 Ponto,

154 3354 217 3421 lib.
242 3376 301 3438 1v,
327 3355 467 3421 adeum
489 3358 608 3439 missa,
639 3381 705 3449 quo
727 3370 900 3451 tempore,
925 3365 1069 3428 camarae
1097 3338 1225 3457 Thasos

154 3470 328 3545 Iarrdaret,
348 3468 465 3552 idest,
494 3470 674 3551 Theseide,
693 3474 928 3541 conscriberet.
948 3475 1123 3545 «fidenam
1141 3496 1222 3569 quo·

157 3610 222 3677 que
236 3584 339 3668 dicit,
355 3586 391 3651 in
407 3585 554 3670 ejusdem
566 3586 662 3653 Libri
675 3589 791 3682 Elegia
801 3592 917 3658 ultima
928 3615 962 3656 v.
978 3591 1014 3658 6.
1029 3594 1116 3681 Quis
1129 3613 1223 3685 porro

157 3699 339 3768 crediderit
358 3702 523 3769 Nasonem
534 3754 548 3789 ,Ι
569 3705 627 3796 qui
647 3703 731 3795 nulli
747 3707 924 3799 equalium
936 3731 1080 3799 poeseos
1099 3706 1224 3776 laudem

156 3814 279 3881 dicitur
297 3816 474 3900 invidisse,
500 3844 633 3913 carmen
653 3824 979 3911 praestantissimum,
1007 3825 1044 3891 in
1064 3821 1224 3893 laudando

157 3930 293 3998 Pedone
301 3983 310 4013 ,
330 3935 386 4023 qui
400 3947 467 3999 tarn
482 3932 616 4001 fidelem
627 3960 661 4003 se
672 3939 778 4005 amico
789 3931 1007 4045 prestiterat,
1021 3940 1161 4009 silentio
1174 3962 1225 4007 so-

156 4043 282 4112 lentem
293 4048 515 4139 praeteriisse?
705 4038 709 4045 Ι

151 4236 158 4251 Ι
202 4164 339 4229 Faciant
364 4167 466 4256 magis
494 4162 537 4230 ad
555 4189 648 4248 rem,
674 4168 733 4258 qui
744 4217 755 4248 ‚
779 4171 899 4235 omisso
919 4170 1062 4240 Pedona
1083 4174 1222 4243 Albino·

159 4297 260 4358 vano,
271 4278 468 4367 salulutare
478 4287 630 4373 egregio,
648 4294 687 4349 ut
701 4295 795 4350 vocat
810 4284 954 4370 Seneca,
975 4290 1167 4379 etsestivo-,
1192 4292 1223 4355 in

192 4510 205 4534 ¹*
221 4509 381 4603 Longissima
395 4516 466 4569 abest
481 4536 496 4603 a
509 4516 632 4573 carminis
644 4519 731 4601 nostri
739 4520 871 4605 suauitate.
886 4526 978 4591 Beck,
992 4544 1037 4605 op.
1050 4528 1096 4582 tit.
