2790 4696
449 637 823 744 EPISTOLA
862 642 930 746 ll.

577 963 817 990 a*

264 1494 268 1504 ,
303 1399 564 1487 PHYLLIS
592 1401 1085 1488 DEMOPHOONTI.
1162 1474 1165 1479 .

169 1744 388 1858 ΗοεΡΙΤΔ,
407 1773 645 1875 Demophoon,
664 1792 721 1850 tua
737 1793 769 1850 te
785 1775 984 1877 Rhodopeia
1000 1774 1127 1876 Phyllis

214 1888 309 1963 Ultra
324 1889 525 1990 promissum
543 1908 672 1992 tempus
689 1890 802 1965 abesse
822 1919 951 1991 queror.

170 2005 304 2078 Cornua
320 2034 421 2104 quum
437 2006 540 2078 Lunae
556 2004 657 2106 pleno
676 2024 791 2105 quater
808 2007 889 2078 orbe
907 2007 1066 2091 coissent,

203 2267 225 2300 r.
241 2248 357 2314 llospila.
375 2245 440 2316 Qua
457 2258 482 2302 te
498 2247 610 2319 hospitio
625 2268 670 2302 er·
718 2248 796 2303 tertio
812 2248 963 2313 admiserim
982 2250 1004 2303 ai
1020 2259 1110 2303 contra
1129 2254 1224 2313 semel,

166 2323 243 2394 cepit
261 2323 376 2378 Cium.
392 2353 425 2367 —
440 2329 610 2395 Demophoon.
627 2327 670 2380 De
717 2338 932 2397 tuuepostunum
941 2347 1070 2395 mensem,
1080 2338 1110 2380 ut
1118 2328 1225 2382 voluere

166 2401 368 2472 Demophooute
379 2414 406 2456 et
416 2403 552 2476 Phyllide,
565 2404 601 2457 sie
609 2405 671 2476 Hy·
720 2404 855 2459 Ciolanius
870 2416 896 2460 et
909 2405 1064 2476 Crispinus:
1076 2404 1122 2460 aed
1133 2405 1226 2459 dehac

167 2480 254 2550 pum,
273 2494 336 2534 ux:
352 2502 365 2526 α
378 2480 556 2550 Demophoon
574 2481 670 2535 Thesei
718 2482 809 2535 ultima
830 2483 954 2552 opinione
981 2481 1041 2536 vide
1068 2493 1225 2552 sequentem

164 2557 231 2612 filim
254 2558 282 2610 in
300 2557 413 2612 Thracia
431 2558 463 2611 ad
483 2558 621 2630 Phylliden
641 2558 669 2611 in
718 2569 817 2612 notam.
903 2557 905 2560 ’

164 2633 302 2706 hospitium
314 2636 410 2690 dicitur
424 2636 539 2702 venisse,
557 2646 584 2688 et
596 2636 627 2689 ab
639 2655 670 2688 ea
751 2638 774 2689 3.
790 2640 870 2690 Pleno
881 2643 974 2707 quater.
990 2636 1121 2706 Quidam,
1138 2640 1226 2690 semel.

162 2731 214 2767 esse
229 2726 339 2768 amatus.
358 2714 415 2783 Qui
427 2733 509 2782 quum
520 2715 547 2766 in
560 2715 670 2781 patriam
718 2715 780 2769 Non
792 2715 895 2768 videtur
907 2725 1009 2785 tempus
1020 2714 1084 2768 mihi
1095 2712 1155 2768 satis
1166 2714 1227 2767 lon-

163 2790 237 2845 vellet
247 2792 351 2860 redire,
370 2791 452 2845 lidem
469 2793 493 2844 ei
505 2791 578 2845 dedit
593 2813 620 2846 se
637 2792 669 2846 ad
718 2792 1227 2862 gum,utAtheoasire,ihiqueressoas

163 2886 219 2921 eam
230 2871 398 2934 rediturum
417 2870 461 2940 qui
478 2869 519 2923 die
531 2872 671 2924 constituta
717 2889 891 2940 componere,
908 2879 935 2923 et
945 2890 1033 2924 rursus
1044 2870 1072 2923 iu
1085 2870 1226 2924 Thraciam

163 2965 222 3000 cum
233 2968 288 3002 non
301 2949 432 3014 venisset,
452 2948 495 3002 illa
507 2967 539 3001 eo
552 2947 592 3001 die
606 2949 671 3002 dici-
717 2947 803 3001 redire
811 2948 932 3017 potuerit
942 2947 1126 3002 Gronovianus
1134 2957 1160 3000 et
1168 2947 1226 2999 Me-

164 3033 205 3077 tur
213 3027 303 3081 novies
312 3026 424 3081 adlittus
434 3026 589 3094 coemisse,
599 3027 670 3096 quod
718 3025 805 3080 diceus
813 3066 820 3093 ,
828 3029 906 3094 pleno
917 3033 1007 3096 quater
1015 3030 1088 3089 orbe,
1103 3022 1173 3095 quod
1185 3040 1227 3074 ve-

163 3121 192 3155 ex
209 3123 239 3156 ea
256 3103 400 3158 Enneadoa
417 3104 507 3158 Graece
521 3103 670 3175 appellatur.
718 3115 860 3173 rumputo,
872 3114 899 3157 et
907 3106 1042 3175 sequentia
1052 3103 1228 3160 consumam

164 3177 260 3250 Phyllis
276 3193 367 3235 autem
383 3182 418 3235 ob
435 3180 592 3235 desiderium
608 3182 670 3236 De·
719 3182 763 3234 uhi
774 3182 853 3234 etiam
871 3183 1039 3248 Hasniensis,
1052 3184 1129 3250 pleno
1139 3182 1231 3245 quater

166 3258 330 3325 mophoontis
339 3261 460 3330 spiritum
470 3259 616 3314 emisit:eui
624 3281 671 3331 pa-
718 3263 796 3326 orbe,
826 3258 897 3328 quod
919 3261 1071 3329 recepimus.
1094 3250 1227 3307 Convenit

166 3345 253 3388 rentes
264 3337 516 3407 quumsepulehrum
524 3338 673 3391 constituis·
719 3336 798 3389 etiam
821 3335 913 3389 melius
935 3337 1027 3406 puellm
1047 3329 1225 3400 impatientius

165 3421 243 3478 sent,
262 3413 364 3467 arbores
378 3415 412 3468 ibi
428 3426 495 3470 natae
511 3425 588 3482 sunt,
611 3434 669 3483 quae
719 3415 831 3481 amanti,
849 3423 879 3466 ut
894 3413 927 3466 ad
942 3414 1028 3482 ipsum
1045 3420 1148 3477 tempus
1165 3426 1226 3476 pac-

165 3498 238 3541 certo
246 3500 364 3559 tempore
369 3492 493 3563 Phyllidis
501 3504 616 3546 mortem
626 3491 669 3546 de·
717 3501 775 3545 tum
786 3490 912 3560 promissa
922 3491 1051 3557 exigeret,
1064 3502 1121 3537 non
1133 3495 1163 3538 ut
1174 3494 1226 3537 tres

164 3565 243 3632 flent,
254 3568 372 3636 muosolia
380 3570 668 3625 arescuotetdislluunt:
717 3588 820 3621 menses
831 3567 898 3619 ultra
914 3565 1086 3618 constitutum
1096 3573 1225 3631 cessaret,

165 3645 239 3711 cujus
251 3665 282 3699 ex
294 3646 401 3700 nomine
415 3648 472 3702 solia
484 3668 565 3718 graece
575 3651 669 3718 Phylla
718 3639 1097 3713 autequamaeriberet.Ethoc
1106 3636 1223 3711 estquod

164 3724 670 3795 suntappellatu».·-Ilhodope1'a.Thres·
719 3721 808 3774 addit:

163 3819 204 3864 323
218 3820 232 3853 a
243 3804 376 3870 Rhodope,
391 3805 435 3874 qui
445 3825 522 3859 mom
533 3804 669 3870 Thraciae,
741 3809 967 3850 Nomentanum
975 3819 1040 3851 nostre
1049 3810 1127 3863 querele
1135 3809 1195 3848 diem.

162 3878 190 3930 in
206 3898 287 3947 quem
303 3900 454 3936 conversam
471 3892 580 3936 narrant
597 3883 671 3934 Ildo-
1088 3885 1163 3924 ⁸⁰¹¹·

163 3959 256 4024 deperi,
275 3959 303 4010 in
315 3978 421 4029 poenam
433 3961 579 4029 impietatis
721 3959 812 4028 Quam
833 3975 923 4010 veram
943 3956 1150 4011 observationem
1172 3973 1226 4007 esse

194 4056 216 4086 a.
237 4037 312 4088 Ultra
318 4043 469 4105 poenosum
484 4044 587 4105 tempus.
608 4037 672 4091 Post
719 4056 799 4090 nemo
809 4054 865 4089 non
875 4045 995 4106 agnosmt
1006 4052 1012 4085 ε
1022 4056 1056 4089 an
1066 4047 1155 4088 tameo
1165 4029 1224 4082 ideo

167 4122 274 4178 quatuor
283 4133 403 4183 meuses,
421 4115 444 4171 ei
457 4115 584 4187 fruteria
595 4134 672 4170 versu
720 4115 820 4170 verasit
830 4125 935 4186 recepta
947 4115 1126 4170 aBurmauno
1135 4105 1225 4165 lectio,
