2790 4696
167 356 231 426 apa
503 330 768 401 EPISTOLA
792 333 876 403 XV.

216 466 310 566 Quid
324 466 415 542 doles
430 467 624 545 hachem
640 469 708 544 titia
723 471 819 557 νὶνὶι,
838 471 893 544 ait.
1182 513 1225 552 ιν

163 584 243 657 Non
261 583 398 656 veniunt
414 583 450 657 in
466 584 553 659 idem
569 585 681 687 pudor
697 603 795 685 atque
812 614 926 659 amor:
946 611 1045 660 omne
1062 586 1197 665 videbat

214 695 361 793 Vulgus;
379 727 467 772 eram
482 696 590 775 lacero
606 718 724 802 pectus
737 718 850 800 aperta
863 699 950 774 sinu.

164 814 218 888 Tu
235 815 318 888 mihi
335 844 429 904 cura,
448 817 589 891 Phaon:
605 833 637 892 te
652 815 781 891 somnia
797 832 912 890 nostra
927 814 1113 906 reducunt;

213 932 351 1005 Somnia
366 931 515 1007 formoso
534 931 725 1007 candidiora
741 932 804 1006 die.

163 1042 237 1120 Illic
256 1064 288 1120 te
302 1046 452 1136 invenio,
471 1075 669 1148 quamquam
684 1048 879 1143 regionibus
896 1046 1010 1123 absis:
1180 1073 1221 1124 tot

212 1159 280 1236 Sed
296 1190 365 1234 non
383 1159 484 1259 longa
501 1163 581 1237 satis
597 1162 717 1259 gaudia
734 1191 872 1239 somnus
886 1165 998 1241 babet

163 1276 257 1379 Sape
275 1295 351 1352 tuos
368 1296 483 1352 nostra
497 1279 620 1355 cervice
638 1308 773 1354 onerare
790 1280 946 1369 lacertos,

211 1394 305 1494 Saepe
323 1409 388 1466 tua
404 1393 519 1468 videor
535 1395 753 1497 supposuisse
769 1424 869 1470 meos.

162 1505 324 1582 blandior
340 1507 522 1598 interdum,
541 1511 691 1612 verisque
708 1508 876 1585 simillima
891 1511 993 1585 verba

212 1621 366 1724 Eloquor
380 1651 389 1695 ε
403 1639 438 1697 et
452 1621 592 1719 vigilant
607 1624 761 1700 sensibus
778 1654 837 1699 ora
851 1625 944 1700 meis.

165 1736 291 1812 Oscula
307 1765 489 1834 cognosco,
508 1766 581 1840 quae
598 1757 635 1813 tu
652 1741 855 1816 committere
872 1739 1008 1838 lingua,

212 1855 367 1954 Aptaque
384 1881 560 1928 consueras
577 1855 736 1956 accipere,
754 1874 831 1957 apta
848 1855 933 1930 dare.

163 1969 332 2046 Ulteriora
347 1970 451 2072 pudet
467 1997 598 2046 narrare
613 2001 622 2046 ε
637 1972 695 2046 sed
713 1973 824 2048 omnia
838 1971 947 2047 liunt:

212 2090 257 2161 Et
272 2088 378 2187 juvat,
396 2104 431 2161 et
447 2087 564 2162 sinete
581 2116 652 2162 uon
669 2085 747 2162 licet
763 2117 833 2163 esse
850 2088 944 2162 mihi.

198 2325 253 2360 120.
270 2308 412 2376 Cedefile'a
425 2310 503 2370 vobit,
527 2312 574 2362 ait.
599 2306 669 2363 Cleis
752 2308 807 2376 134.
817 2310 948 2377 Essent,
967 2314 1094 2363 etse‘sete
1104 2328 1155 2364 m
1165 2312 1223 2364 atet

161 2384 271 2451 scilieet,
296 2404 391 2453 quam,
409 2395 475 2439 teste
490 2384 588 2451 Suida,
606 2404 669 2440 sus·
716 2404 774 2439 esse
790 2389 859 2439 ινννᾌνὶ
876 2389 935 2440 Non
948 2389 1013 2440 libel
1028 2387 1097 2441 bene
1113 2398 1220 2457 quatuos

161 2463 230 2532 cepit
247 2460 353 2533 Sappho
372 2483 403 2517 ex
420 2461 530 2517 Cercola
547 2464 668 2533 conjuge.
716 2463 782 2517 libri.
802 2463 907 2535 Opinor
918 2463 1107 2518 scribendum:

162 2539 251 2608 Hujus
269 2560 372 2611 quoque
387 2541 509 2594 meminit
524 2541 594 2594 Max.
605 2540 669 2612 Tyr.
1005 2554 1166 2594 &domabat

162 2628 189 2670 et
203 2617 290 2672 laudat
302 2619 400 2689 poetria
408 2619 478 2688 ipsa,
490 2617 529 2671 bis
538 2618 667 2681 versibus,
716 2626 742 2664 ΙΙ
751 2626 824 2677 inv-t,
839 2633 858 2665 a
869 2626 911 2665 sin·
920 2635 938 2664 a
949 2639 987 2665 m
996 2626 1043 2664 tissi
1052 2638 1095 2664 ’Μ
1105 2626 1163 2666 ntur.

163 2693 232 2763 apud
239 2693 667 2765 Haepbestionem,qunchi1-idio:
716 2697 791 2768 Scope
807 2701 871 2751 litet
883 2698 911 2750 iu
927 2701 990 2750 IIcel
999 2697 1178 2766 degeneravit.
1188 2698 1219 2754 Η.

161 2762 210 2835 bles
217 2776 520 2849 psexoelimtexposiuw
529 2773 667 2840 talipiaco,
715 2802 748 2818 ·-·
758 2775 835 2830 Nulli
850 2774 892 2829 hic
906 2774 997 2828 mendi
1013 2774 1125 2844 suspicio
1139 2777 1222 2832 iulet*-

160 2860 254 2925 Epsfsp?
264 2856 349 2918 ῒχουσα
358 2858 463 2925 mppria,
475 2856 542 2909 Klete
553 2851 666 2918 ἆγαητᾶ.
715 2852 829 2922 pretibtts
844 2850 949 2905 suborta
960 2852 1008 2905 suit
1020 2872 1026 2905 ε
1037 2852 1110 2921 quoti
1122 2855 1220 2918 Μίνως

160 2927 227 2985 ’niet
243 2926 318 2987 τᾶμ’
335 2930 396 2995 ἐγὼ,
417 2931 467 2982 αὖθι·
488 2933 577 2983 bottas
593 2939 667 2986 :icoo
713 2929 807 2983 namsi
821 2929 900 2983 verba
910 2929 1086 2984 efficacissima
1100 2941 1129 2985 et
1142 2932 1220 2987 electa

228 3004 277 3060 οὐδ’
287 3005 385 3082 ἐραννάν.
713 3006 747 3062 ad
758 3026 864 3062 arcams
873 3008 977 3061 veneris
987 3018 1076 3071 notas,
1099 3029 1221 3080 quasop·

164 3082 222 3150 Qui
233 3082 340 3153 quidem
350 3101 455 3150 vasus,
468 3084 531 3155 quin
547 3085 667 3157 Sapphus
713 3085 777 3139 tinae
793 3096 878 3157 mysta
893 3086 989 3140 Noster
1002 3086 1128 3154 callebat,
1145 3086 1220 3140 indi-

162 3164 231 3227 siut,
245 3160 331 3214 nullus
343 3159 444 3216 dubitat
455 3163 528 3217 Fulv.
540 3163 629 3218 Ursiu.
638 3166 666 3218 in
713 3162 825 3230 undas,
836 3163 929 3233 quibus
938 3164 1045 3234 Sappho
1053 3164 1159 3234 plenam
1168 3183 1219 3218 vo-

162 3241 231 3292 notis
241 3238 274 3292 ad
287 3239 391 3310 Fragm.
402 3240 536 3311 ejusdem,
547 3262 572 3312 p.
580 3243 635 3312 287.
713 3239 842 3309 luptatem
855 3280 863 3306 ,
877 3260 956 3312 quam
968 3243 995 3295 in
1011 3242 1120 3296 somniis
1132 3241 1219 3297 videre

198 3338 251 3370 121.
269 3318 328 3370 Non
344 3323 447 3371 uniunt
462 3324 490 3371 ἰν
508 3321 574 3373 a'dem
586 3321 671 3387 pudor
714 3320 843 3374 etsentire
851 3320 965 3386 solebat,
980 3320 1113 3389 exprimit,
1124 3338 1220 3391 expeu-

161 3405 236 3466 atque
246 3417 323 3451 amor.
332 3398 468 3451 Verbatim
479 3418 510 3451 er
520 3397 617 3453 Ovidio
627 3399 668 3451 vi-
714 3395 825 3460 disseut,
842 3397 915 3452 facile
930 3398 1055 3452 vidissent
1066 3399 1158 3469 jejune
1170 3397 1220 3453 atl-

162 3475 240 3541 ‹letur
253 3476 402 3547 expressisse
412 3475 528 3530 lreuaeus
537 3475 669 3529 Referen-
715 3474 828 3530 modum
839 3475 902 3530 illud
911 3476 1019 3545 subjici,
1031 3484 1060 3529 e!
1068 3482 1124 3531 satu
1136 3484 1163 3531 te
1173 3494 1221 3531 ns

162 3552 257 3607 darius.
272 3553 386 3608 Brunclc
398 3553 474 3607 Anal.
488 3569 534 3620 111,
553 3572 577 3622 p.
590 3571 635 3606 ro:
714 3554 1221 3625 latetessmtnquodetiamdemooe

194 3636 281 3695 ’mab
292 3640 360 3706 slope
369 3639 430 3690 situ
441 3647 481 3698 τῆς
492 3638 612 3710 Κύπριδος.
714 3632 830 3701 modico,
838 3645 864 3687 et
871 3633 985 3703 primum
996 3642 1059 3686 nato
1066 3632 1118 3687 tici
1126 3643 1222 3703 posset:

197 3714 249 3766 131.
276 3715 433 3766 committere
451 3715 548 3781 hagno.
568 3713 669 3781 lium
715 3711 756 3764 vix
769 3711 843 3764 enim
856 3709 952 3764 duraoe
969 3711 1025 3764 sine
1042 3720 1161 3765 amatore
1175 3728 1221 3764 suo

162 3788 281 3842 Francos.
299 3809 355 3844 uon
370 3789 437 3843 male
450 3809 457 3845 ι
468 3790 608 3858 conjuncta
618 3808 667 3844 os-
715 3787 826 3858 puellas,
843 3788 1050 3859 quamprimum
1063 3798 1221 3855 taetaesuut,

163 3864 221 3917 cula
233 3885 279 3933 per
289 3866 407 3937 linguam
421 3866 526 3920 iudicat.
547 3865 608 3920 vtt
624 3882 648 3921 tt
656 3906 665 3935 ‚
714 3876 905 3934 posse,uotum
911 3877 964 3932 est3
978 3877 1004 3921 et
1012 3866 1053 3920 illa
1062 3867 1161 3922 locutio
1167 3873 1222 3922 sate

162 3942 254 3994 Amor.
266 3959 298 4008 v,
312 3946 378 4014 257,
396 3943 440 3997 ubi
451 3947 618 4013 netelington
628 3964 667 3999 os·
714 3948 755 4004 te,
771 3941 836 3996 nibil
849 3944 898 3998 nisi
907 3947 1072 4014 presentiam
1084 3945 1220 4012 amatoris,

161 4021 237 4083 cula,
251 4029 277 4072 et
287 4035 305 4072 v
313 4059 321 4083 ,
330 4018 364 4075 bo
372 4022 478 4088 :juncta
487 4024 588 4089 oscula,
600 4032 667 4078 utet
714 4040 795 4091 quam
807 4021 954 4078 desiderare
967 4023 1088 4092 videtur,
1106 4022 1220 4077 indicare

161 4095 236 4164 alibi,
250 4115 307 4166 quo
317 4095 360 4152 hie
370 4103 505 4153 commissa
518 4097 587 4156 dicit
602 4098 634 4154 B.
713 4099 1223 4173 potestlta,lu1,Am.x1,quumdisisset:
