2790 4696
357 350 649 419 nannenus
682 352 1033 450 rnounsrnso.

1161 364 1226 456 237

207 494 254 566 Et
270 518 331 564 sua
350 490 406 563 det
420 489 533 563 reduci
544 489 599 562 rir
613 516 706 564 meus
726 520 814 566 anna
831 496 918 569 dori.
1192 523 1225 574 50

161 611 228 685 Sed
246 610 369 694 timeo:
397 607 593 707 quotiesque
609 608 704 680 subit
718 609 903 684 miserabile
916 610 1055 702 bellurn,

210 727 310 802 More
325 725 410 798 nivis
426 723 567 797 lacrima
585 722 655 797 sole
669 725 847 812 madentis,
867 745 955 800 eunt.

163 845 251 920 Ilion
270 865 303 918 et
317 841 489 925 Tenedos,
508 840 716 940 Simoisque,
736 858 769 915 et
786 843 961 934 Xanthus,
980 862 1013 920 et
1029 846 1101 935 Ide,

211 957 357 1033 Nomina
373 971 454 1028 sunt
471 954 546 1054 ipso
563 982 656 1055 paene
674 954 819 1030 timenda
835 986 929 1032 sono.

164 1079 232 1151 Nec
249 1103 365 1175 rapere
384 1100 541 1157 ausurus,
560 1071 626 1144 nisi
643 1100 677 1145 se
696 1071 869 1148 defendere
887 1093 1018 1176 posset,
1196 1099 1229 1150 ss

214 1193 351 1289 Hospes
369 1204 437 1260 erat
454 1186 561 1258 :sires
577 1203 716 1259 noverat
731 1185 785 1261 ille
802 1218 888 1264 suas.

165 1306 327 1389 Venerat,
347 1319 386 1375 ut
403 1300 488 1375 sama
506 1318 571 1386 est,
589 1300 696 1373 multo
712 1303 902 1402 spectabilis
918 1332 1013 1394 auro,

212 1418 349 1517 Quique
368 1443 430 1489 suo
448 1416 609 1516 Phrygias
627 1445 766 1518 corpore
785 1417 884 1493 ferret
899 1448 1000 1520 opes:

167 1532 278 1607 Classe
294 1530 438 1630 virisque
454 1546 594 1629 potens,
615 1558 676 1630 per
692 1561 765 1632 quac
782 1531 850 1607 sera
867 1534 955 1608 bella
973 1554 1157 1630 geruntur:

216 1651 262 1721 Et
276 1647 429 1747 sequitur
443 1648 537 1741 regni
554 1675 631 1747 pars
650 1665 885 1748 quotacunque
903 1650 965 1722 sui.
1200 1674 1234 1722 oa

167 1764 228 1837 His
246 1792 308 1859 ego
328 1779 359 1836 te
375 1763 510 1847 victam
531 1791 670 1835 consors
688 1762 805 1836 Ledaea
821 1761 982 1858 gemellis,

213 1881 396 1980 Suspicor:
415 1878 485 1951 haec
503 1879 628 1951 Danais
644 1906 743 1978 posse
757 1908 875 1954 nocere
891 1899 986 1981 puto.

199 2035 241 2086 50.
252 2035 598 2085 Etsuadctreducr'vr'rmeus
606 2052 677 2084 arma
718 2034 802 2102 senet
810 2055 878 2102 opes.
890 2036 990 2089 Notum
1001 2036 1124 2091 omnibus
1132 2050 1159 2093 et
1170 2040 1234 2097 vul-

168 2112 236 2166 Jovr'.
248 2111 400 2176 Homerus,
421 2110 494 2164 lliad.
516 2120 552 2176 n,
570 2112 621 2176 82,
642 2110 675 2164 de

168 2189 305 2254 Hectore,
330 2188 373 2256 qui
393 2189 501 2258 Ajacem
527 2188 675 2242 interfecere

169 2266 305 2338 cupiebat:

166 2350 261 2413 Tcdxeoe
275 2351 386 2411 calices,
400 2354 455 2399 sian
466 2352 532 2408 :raeci
540 2340 598 2401 litos
610 2348 675 2419 ipis,

169 2427 335 2500 Koeitptpu'm
348 2423 677 2485 nlsnia’dca'iiouacinsicsta.

168 2500 204 2554 Et
215 2501 284 2554 infra
295 2501 322 2553 in
334 2449 380 2553 bac
391 2501 444 2570 ipsa
454 2500 582 2571 Epistola:

337 2586 417 2625 Referu
426 2586 463 2624 ista
470 2587 512 2624 sace
520 2600 573 2624 uma
581 2586 634 2624 tovi.

167 2660 235 2715 Vide
250 2670 278 2715 et
296 2661 441 2714 Horatium
458 2660 539 2730 Epist.
557 2678 585 2725 r,
603 2656 646 2712 lib.
658 2675 676 2711 1.

167 2738 292 2794 Solebam
312 2739 428 2804 milites,
450 2738 568 2791 conlecto
587 2737 675 2803 bello,

169 2834 223 2887 que
229 2827 364 2888 gesserant
374 2834 447 2868 anna
455 2813 486 2867 ad
494 2814 564 2867 Deos
572 2834 676 2885 suspen·

168 2894 323 2949 demovid.
332 2894 376 2947 lib.
384 2910 423 2946 lv.
432 2892 511 2946 Trist.
524 2892 564 2945 El.
572 2894 597 2960 8,
604 2913 676 2946 ma:

167 2984 225 3025 mk·
232 2984 267 3024 ubi
276 2985 364 3023 emeritis
372 2997 412 3022 non
419 2990 448 3021 est
455 2985 502 3021 satis
514 2983 567 3021 utitis
577 2984 632 3021 annis
642 3012 647 3027 ,

187 3058 279 3098 Ponited
287 3058 379 3109 antiquos
389 3070 434 3108 qut
446 3057 492 3094 tulit
500 3070 553 3094 arms
563 3058 619 3095 tem.
641 3057 664 3095 C.

173 3130 210 3184 U!
216 3151 265 3185 sua
277 3133 333 3191 det.
347 3130 448 3183 Douzee
462 3141 588 3200 excerpta.

203 3211 244 3261 51.
269 3208 322 3260 Sed
338 3213 428 3274 triareo,
451 3214 592 3276 quotiesque
610 3212 680 3260 subr'l

170 3287 677 3355 taer'sembilebcllam.Librireteres,prae-

170 3375 213 3417 ter
224 3381 311 3416 unum
322 3364 494 3431 Vaticanum,
511 3374 676 3417 constanter:

172 3442 225 3494 Sed
241 3447 316 3494 isiaco
334 3448 427 3511 quoties
443 3447 528 3495 snb1'1't.
552 3443 677 3494 Existimo

170 3518 354 3588 scribendum,
367 3524 420 3574 sed
427 3525 521 3574 timrilae
531 3527 626 3589 quoties
634 3539 679 3571 su-

172 3599 234 3662 btil,
247 3596 288 3651 vel
296 3602 427 3665 timidam
440 3611 468 3652 ut
482 3600 550 3651 Fast
562 3616 601 3664 11,
616 3597 678 3666 753:

348 3689 432 3740 Quoties
441 3689 543 3740 pugnantis
555 3688 617 3737 imago

170 3759 275 3801 Mesubtt.

171 3832 223 3888 Sed
243 3835 396 3906 sinrpliciter
420 3840 502 3889 sobrie
520 3835 600 3888 etiam
617 3832 680 3886 dixit

170 3911 228 3966 inlr.
240 3934 306 3968 vers.
322 3916 368 3967 :23
383 3935 389 3967 :
404 3934 484 3982 quare
495 3914 560 3967 nibil
573 3923 656 3965 muto.

203 3995 243 4057 54.
272 3995 402 4046 Timenda.
431 3996 570 4046 Tremenda
592 3990 681 4045 mallet

172 4066 303 4123 Francius.

205 4147 243 4198 58.
265 4150 363 4215 Quique
380 4167 426 4202 sno
440 4150 564 4219 Phrygias
582 4167 682 4216 corpore

525 3761 605 3800 naras.

724 2123 813 2183 gatum
825 2132 905 2182 quam
917 2114 957 2166 sui
969 2116 1085 2169 curiosus
1099 2128 1125 2171 et
1138 2128 1232 2173 osten·-

724 2200 793 2244 tator
801 2202 867 2244 esset
879 2192 953 2245 Paris
965 2212 970 2245 :
983 2213 1061 2263 quam
1071 2195 1233 2249 muliebriter

724 2279 812 2321 cutem
824 2278 851 2322 et
864 2282 1018 2322 ornamenta
1035 2282 1146 2325 curaret.
1163 2273 1232 2327 Vide

725 2346 892 2415 quibuscum
904 2349 988 2401 verbis
1006 2348 1145 2419 indignans
1159 2352 1235 2405 Hec-

725 2434 767 2477 tor
778 2426 932 2497 increpitet,
951 2427 1022 2480 lliad.
1035 2439 1059 2496 1,
1074 2430 1106 2482 58
1118 2441 1144 2484 ct
1155 2450 1211 2502 sqq.

758 2507 798 2576 59.
810 2507 928 2575 Perque.
941 2505 1034 2558 Malim
1042 2528 1164 2578 perperos
1176 2530 1184 2562 :
1203 2521 1232 2564 ut

725 2581 820 2636 milites
828 2582 1073 2653 intelligantur-:sed
1082 2586 1140 2640 vide
1147 2589 1233 2642 Vossii

725 2678 790 2730 opus
798 2660 1017 2730 Grammatieum,
1026 2664 1092 2716 libro
1100 2665 1132 2718 de
1146 2665 1233 2721 Cons-

725 2739 875 2805 tructione,
890 2759 944 2811 cap.
955 2756 992 2793 tv.
1006 2742 1106 2796 Heras.

758 2816 798 2868 co.
816 2820 854 2870 Ec
867 2824 980 2887 sequr'lur
995 2825 1068 2887 regni
1080 2841 1143 2888 pars
1157 2831 1234 2891 quola

725 2912 842 2964 quemque
852 2901 899 2948 sui.
911 2896 993 2950 Recte
1002 2905 1172 2968 quotacunque
1183 2902 1234 2953 Pu·

726 2981 831 3040 teaneo,
840 2994 889 3044 pro
897 2972 997 3029 diversa
1010 2977 1129 3030 lectione,
1141 2977 1235 3029 Sarra-

725 3050 817 3105 vianus
824 3060 1009 3123 quotaque-pue,
1022 3053 1063 3105 vel
1073 3060 1236 3122 quotaquam-

726 3149 772 3199 με
785 3150 793 3183 .·
805 3138 980 3200 quotaquaeque
997 3131 1075 3183 etiam
1096 3129 1170 3181 multi
1193 3129 1235 3181 alii

726 3210 873 3279 exscriptis.
885 3210 1026 3262 lintres-
1038 3211 1115 3272 (luem
1126 3209 1239 3272 sequitur

727 3289 807 3341 etiam
820 3287 945 3339 Francius
957 3284 1110 3352 conjiciebat
1122 3302 1127 3334 :
1139 3289 1235 3350 quola-

727 3382 825 3435 queque
835 3381 899 3414 vero
906 3373 974 3417 recte
983 3384 990 3426 ς
1001 3373 1026 3414 et
1038 3359 1178 3430 legendum
1188 3379 1236 3429 per

726 3440 967 3511 interrogationem.
981 3440 1021 3492 lta
1035 3437 1143 3506 Quinct.
1162 3438 1235 3491 Deci.

728 3533 852 3573 cccxxxv
865 3537 872 3571 :
884 3520 952 3569 Dum
965 3519 1075 3570 membra
1086 3516 1233 3585 sufficebat,

728 3601 786 3651 dum
800 3603 828 3650 r'n
849 3595 934 3668 officiis
949 3600 1015 3648 ories
1033 3600 1116 3657 sunm
1135 3602 1235 3663 quotam

728 3696 847 3747 quamque
858 3681 959 3744 partem
969 3676 1049 3726 habco
1061 3678 1188 3729 vibentis?
1205 3674 1236 3728 B.

761 3754 802 3807 tir.
811 3757 919 3807 Consors
927 3755 1144 3820 ledaeagemellr's.
1153 3755 1241 3808 Iaedaei

730 3852 823 3887 censeo
841 3831 1043 3902 castigandum,
1066 3841 1141 3884 utet
1162 3832 1237 3885 initio
1304 3878 1310 3895 Ι

731 3909 852 3980 Epistola
865 3909 973 3963 Paridis.
988 3908 1085 3963 Graecis
1102 3911 1173 3964 enirn
1185 3931 1237 3982 pa-

731 3989 882 4062 tronymicis
891 3988 1008 4058 impense
1019 3988 1162 4045 delectatur
1169 3992 1239 4045 Nos·

730 4079 779 4121 ter.
795 4068 839 4121 Sic
848 4067 890 4120 lib.
900 4082 928 4134 ι,
943 4068 1009 4122 Met.
1021 4071 1086 4136 504:

730 4151 835 4205 Nympha,
845 4164 924 4202 laesor,
931 4151 990 4191 Penei
999 4164 1061 4190 neae.
