2790 4696
161 306 227 392 314
475 307 740 376 EPISTOLA
765 310 899 378 XVII.

208 447 279 519 Aut
295 472 358 540 ego
376 462 408 519 te
425 445 555 546 potius,
573 475 672 547 quam
690 463 746 520 tua
763 446 870 534 dona,
890 475 1017 548 sequar.
1190 493 1218 545 7⁰

93 660 99 675 ,
162 563 275 660 thue
293 588 414 635 canon
432 589 571 662 sperno,
589 562 636 634 sic
653 563 878 663 acceptissima
895 591 1024 665 semper

210 678 351 750 Munera
368 693 463 764 sunt,
482 694 596 751 auctor
614 706 686 778 qnae
703 678 848 779 pretiosa
860 677 948 753 facit.

162 786 243 862 Plus
258 789 365 863 multo
383 809 450 880 est,
471 791 562 892 quod
581 821 684 880 amas;
701 792 878 892 quodsum
892 793 955 864 tibi
971 791 1219 886 causalaboris3

212 905 316 1001 Quod
332 934 393 1007 per
409 924 475 979 tam
494 906 612 1002 longas
630 936 705 1007 spes
725 926 780 981 tua
796 908 886 981 venit
903 936 1015 1007 aquas.

163 1019 225 1093 llla
239 1048 389 1121 quoque,
402 1023 552 1124 adposita
564 1052 635 1123 quae
646 1051 735 1096 nunc
745 1021 843 1109 facis,
858 1022 1027 1122 improbe,
1039 1052 1166 1114 mensa,
1191 1048 1220 1118 7⁵

209 1135 368 1231 Quamvis
386 1138 535 1238 experiar
551 1137 776 1225 dissimulare,
794 1155 888 1210 noto.

163 1253 278 1347 Quum
295 1254 396 1327 modo
412 1283 464 1328 me
482 1271 610 1354 spectas
628 1252 750 1341 oculis,
769 1252 902 1341 lascive,
921 1257 1105 1355 protervis;

211 1368 308 1462 Quos
326 1369 380 1442 vix
396 1370 556 1443 instantes
571 1368 697 1444 lumina
709 1387 824 1444 nostra
840 1369 977 1445 ferunt:

163 1486 209 1556 Et
224 1483 324 1555 modo
342 1485 489 1585 suspiras
505 1484 628 1558 :modo
646 1485 767 1587 pocula
783 1486 934 1586 proxima
949 1488 1049 1562 nobis

216 1598 343 1684 Sumis;
363 1626 493 1699 quaque
508 1599 600 1687 bibi,
622 1617 659 1674 tu
677 1629 811 1702 quoque
830 1621 921 1702 parte
938 1603 1041 1678 bibis.
1196 1627 1225 1678 to

163 1715 236 1787 Ah!
256 1714 387 1814 quoties
405 1714 533 1809 digitis,
554 1716 685 1815 quoties
700 1746 763 1811 ego
783 1734 867 1791 tecta
883 1719 997 1792 notavi

213 1830 315 1923 Signa
333 1828 510 1930 supercilio
526 1859 618 1929 paene
635 1829 792 1931 loquente
811 1830 903 1904 dari!
959 1904 962 1910 ,

165 1947 211 2017 Et
226 1972 311 2044 sepe
328 1945 485 2031 extimui,
497 1973 538 2019 ne
554 1946 604 2019 vir
619 1974 712 2019 meus
730 1945 787 2020 illa
804 1946 952 2020 videret:

214 2065 294 2135 Non
312 2063 391 2137 satis
409 2061 547 2136 occultis
566 2063 752 2162 erubuique
767 2063 868 2134 notis.

168 2179 261 2279 Saepe
277 2175 329 2251 vel
345 2177 481 2273 exigno,
500 2174 552 2251 vel
568 2175 663 2251 nullo
678 2207 862 2267 murmure,
881 2177 949 2251 dixi
965 2205 973 2250 ε
1200 2197 1229 2251 85

169 2419 203 2472 sis
212 2427 240 2471 et
248 2416 353 2487 plurimi
365 2415 414 2469 alii.
422 2415 548 2469 Heinsius
557 2413 621 2468 olim
629 2432 677 2466 vo-
727 2408 1229 2482 QuodunicehaecillustratEpig.xcix,

170 2497 240 2550 lebat
254 2501 391 2566 perpetum
409 2504 440 2548 ut
450 2514 510 2549 eum
528 2497 586 2546 labe
600 2511 677 2546 cons
725 2490 768 2544 lib.
780 2507 824 2557 11,
838 2489 907 2560 apud
920 2489 1091 2542 Martialem:

95 2605 97 2609 ’
171 2583 312 2626 imeretur·
725 2582 778 2619 Vilis
788 2594 844 2629 eras,
853 2579 923 2625 fateor,
934 2580 949 2616 si
961 2592 1013 2616 nrrno
1026 2587 1046 2615 te
1057 2578 1143 2616 mitteres
1150 2584 1221 2622 tntu,

206 2670 245 2719 7⁰·
263 2654 319 2704 Au!
331 2670 378 2716 ego
395 2657 421 2703 ἡ·
428 2654 514 2717 polim
525 2659 573 2701 etc,
585 2647 677 2715 Suspi-
748 2653 825 2691 Grande
834 2653 864 2690 tui
875 2654 961 2702 pretium
971 2651 1058 2688 muneris
1067 2651 1186 2689 suctoresit.
1204 2646 1231 2686 B.

173 2729 278 2782 cionem
290 2737 408 2792 amovet,
424 2746 451 2779 se
462 2726 522 2779 duci
534 2744 607 2795 posse
619 2743 676 2776 mu·
759 2729 796 2796 74.
809 2726 871 2792 Spes
883 2731 934 2776 lua.
951 2727 1019 2784 Tibi,
1036 2723 1158 2776 Francos.

174 2806 295 2869 neribus,
316 2823 374 2873 quae
385 2804 514 2874 promittit
522 2805 593 2854 darer
601 2802 680 2870 Epis·
761 2803 847 2873 75-76.
864 2805 916 2852 Illa
938 2820 1031 2869 quoque
1050 2811 1100 2854 etc.
1121 2802 1235 2866 Qumis

173 2883 226 2937 tola
237 2882 351 2946 Paridis,
360 2881 479 2950 etipsum
489 2880 588 2950 potius,
600 2898 678 2949 quam
727 2885 845 2947 experiar
852 2882 1024 2940 dissimulare,
1040 2884 1109 2931 nolo.
1130 2877 1235 2931 Nullum

99 3021 103 3031 Ι
176 2963 262 3028 dona,
285 2978 339 3014 esse
360 2966 532 3027 requieturam,
560 2958 582 3011 si
603 2976 683 3025 quem
731 2958 795 3012 mihi
808 2958 917 3025 excidit,
933 2958 1051 3026 quamvis
1063 2956 1235 3017 tentantinon

176 3040 250 3110 sequi
260 3038 352 3102 vellet;
364 3037 452 3106 sicque
463 3035 609 3089 bonaursui
622 3034 684 3104 opi-
731 3035 891 3105 intelligere,
904 3055 918 3087 e
930 3035 1031 3087 furtivis
1043 3034 1139 3086 amoris
1150 3032 1190 3086 tui
1198 3032 1236 3085 si-

177 3119 287 3172 nionem
313 3115 411 3168 amanti
434 3115 535 3184 injicit,
559 3131 684 3184 spemque
732 3113 939 3184 gnis:etprobat
949 3111 1066 3180 quidem,
1075 3107 1237 3164 mistolide·

176 3195 270 3262 simul,
282 3194 339 3247 lieri
352 3212 427 3264 posse
438 3204 467 3246 ut
477 3200 603 3261 sequatur.
733 3191 792 3245 liter
801 3190 1003 3244 recensendo-
1008 3191 1144 3257 Adposr'la.
1152 3189 1236 3249 Forte,

212 3295 251 3344 7¹·
270 3274 313 3326 Sic
327 3276 505 3340 acceptissima
518 3288 618 3338 semper
631 3288 687 3322 mu-
733 3274 943 3339 adpositumque
953 3269 1238 3338 lusacs'simpmbcasee

178 3371 240 3405 nera
258 3356 325 3403 sunt.
343 3352 530 3416 Acceptsiss'ma
543 3349 685 3416 quosdam,
734 3368 797 3402 sam.
810 3349 908 3401 Herus,

180 3428 388 3498 Gottorphianus
402 3446 408 3479 :
426 3427 559 3497 eleganter
575 3423 687 3477 melier·
770 3427 808 3495 76.
819 3427 951 3492 Experior.
964 3426 1054 3491 Forte,
1064 3427 1192 3493 expedint.
1205 3422 1239 3475 ln

179 3509 265 3573 cules,
277 3525 327 3577 pro
336 3505 514 3575 quandoque,
531 3501 686 3572 aliquando,
769 3505 808 3556 81.
827 3505 906 3555 Tecta
922 3509 1011 3556 notavi
1023 3509 1107 3570 sakan.
1131 3499 1240 3554 Imitatio

180 3601 376 3652 nonnunquam
392 3602 399 3636 s
414 3593 445 3635 ut
456 3583 484 3634 in
496 3581 544 3633 illis
553 3580 687 3645 Maronis,
737 3583 924 3651 Propertiana‚
938 3598 988 3647 111,
1006 3580 1078 3651 Eleg.
1091 3596 1141 3646 vr,
1160 3582 1192 3632 25
1207 3596 1213 3631 :

182 3678 204 3714 11
212 3700 220 3727 ,
235 3661 341 3714 AEueltl.
352 3660 399 3729 367
412 3678 418 3712 :
737 3673 797 3711 Teste
805 3673 915 3723 superciliis
924 3672 940 3709 si
949 3671 1027 3723 qirsndo
1034 3670 1094 3709 verbe
1103 3669 1188 3708 remittis
1196 3695 1203 3715 ,

183 3743 353 3791 Quondamorim
361 3744 420 3782 vistis
426 3743 475 3781 redit
484 3743 503 3780 in
509 3740 688 3792 praesidiumue.
762 3745 804 3783 Aut
813 3754 846 3782 sm
855 3745 974 3794 condignis
984 3744 1056 3793 scripte
1066 3742 1142 3780 silenda
1151 3750 1212 3780 notu

216 3835 255 3882 7²·
268 3817 424 3885 Arctosque
428 3821 542 3884 pretiosa
543 3814 622 3882 sacis
630 3814 690 3867 Hoc
771 3817 810 3868 83.
829 3820 947 3884 Elsaepe.
964 3816 1036 3868 lllalo
1050 3835 1057 3869 :
1075 3817 1113 3868 U!
1124 3833 1189 3883 sepe
1199 3830 1243 3864 ex·

183 3892 256 3956 vult,
268 3912 380 3947 munera
394 3895 442 3947 ista
455 3913 509 3946 non
526 3903 581 3946 tam
598 3911 644 3961 per
663 3909 690 3944 se
738 3899 817 3946 triani.
839 3894 939 3948 Hsnts.

185 3968 296 4034 pretiosa
307 3991 376 4038 esse,
399 3992 478 4040 quam
492 3972 624 4025 donatoris
635 3989 691 4024 no-
771 3973 812 4024 85.
835 3975 885 4025 Vel
893 3976 968 4041 lom
980 3991 1101 4024 murmure
1112 3973 1174 4023 ds'xs'.
1198 3967 1248 4018 Vel

185 4043 274 4113 mine,
300 4048 371 4117 quod
391 4069 453 4102 eum
470 4051 558 4120 magni
575 4050 691 4104 estimet
739 4052 824 4117 uallo,
841 4051 952 4104 Putean.
971 4048 1016 4104 sed
1031 4048 1097 4103 nihil
1113 4043 1212 4102 accedo·
