2790 4696
167 313 233 409 ³74
506 316 787 386 urlsrouu
813 319 882 386 rx.

164 455 211 526 At
227 480 297 525 non
314 451 367 526 ille
384 450 478 542 velit,
497 454 550 528 cui
565 484 649 543 nox,
669 455 697 528 si
712 455 873 542 creditur,
892 485 959 530 um

212 571 289 642 Nou
308 569 405 656 tanti,
425 586 464 642 ut
479 587 592 644 tantus
610 571 838 673 conciperere,
856 570 930 644 fuit
1200 615 1233 651 ro

165 684 244 758 Plus
263 685 341 771 tibi,
361 687 580 784 quamtum,
598 687 715 759 nocuit
730 688 846 760 Venus
859 716 867 761 ε
880 685 937 758 illa
952 688 1133 786 premendo

212 798 376 872 Sustulit:
395 798 466 873 haec
483 799 602 873 humili
621 800 684 873 sub
703 799 787 901 pede
804 790 890 873 ¹colla
907 816 1006 874 tenet.

166 913 305 1015 Respice
322 912 510 987 vindicibus
528 932 682 1014 pacatum
698 914 825 987 viribus
843 913 974 1001 orbem,

213 1031 290 1128 Qua
309 1030 407 1104 latam
423 1033 552 1104 Nereus
569 1030 708 1106 curulus
726 1031 831 1104 ambit
844 1031 991 1104 humum.

163 1148 206 1221 Se
224 1147 287 1220 tibi
304 1175 369 1247 pax
387 1163 496 1232 terrae,
516 1144 579 1219 tibi
596 1173 632 1218 se
649 1162 722 1251 tuta
739 1172 874 1244 aequora
885 1145 1030 1220 debent:
1199 1171 1232 1222 15

212 1258 361 1361 Implesti
377 1258 504 1332 meritis
523 1257 613 1331 Solis
630 1276 803 1359 utramque
822 1259 967 1333 domum.

165 1375 268 1473 Quod
287 1392 317 1448 te
335 1373 479 1447 laturum
497 1390 563 1460 est,
582 1372 697 1448 eaelum
714 1374 809 1475 prior
825 1375 896 1474 ipse
915 1373 1044 1448 tulisti:

163 1576 220 1622 tue.
245 1566 361 1620 Laetetur
384 1567 474 1634 Juno,
496 1564 567 1638 quod
585 1565 671 1619 labem
720 1565 812 1620 belluis
828 1575 855 1620 et
870 1567 994 1622 monstris
1010 1567 1134 1636 mainis,
1147 1588 1233 1639 poca-

164 1646 229 1699 adeo
242 1655 347 1714 turpem
362 1645 420 1699 vitae
437 1645 529 1715 prioris
541 1641 673 1712 splendori
721 1654 800 1695 verat.
810 1644 1138 1714 Hu1us,-Quitutaeum
1145 1646 1233 1701 Hein-

162 1724 231 1777 ultro
244 1723 373 1776 inusseris.
719 1719 758 1774 sio
773 1721 902 1791 probant,
918 1733 1026 1792 possum
1041 1733 1069 1777 et
1081 1722 1124 1776 itta
1136 1721 1234 1777 Ovidii

196 1823 220 1874 9.
234 1802 283 1853 Cui
289 1819 350 1865 nox,
360 1802 615 1853 sicmdr'tnrmete„
621 1799 674 1852 Ju-
719 1800 803 1853 nostri
809 1798 957 1867 adducere,
968 1820 1001 1854 er
1008 1801 1049 1854 lib.
1060 1817 1085 1867 1,
1097 1800 1166 1854 Fest.
1176 1801 1211 1868 67
1223 1821 1232 1855 :

164 1880 245 1950 piter,
263 1877 386 1931 Herculis
400 1886 473 1947 pater
486 1897 516 1930 er
528 1877 654 1930 Alcmene
665 1899 672 1941 ;
943 1891 1032 1940 Quom
1040 1888 1179 1928 mmmm

164 1954 370 2022 (notasabula);
382 1954 440 2020 cui,
456 1953 527 2023 quod
539 1954 674 2008 daturuni
744 1960 1104 2012 Otitmfmxmieputmeit.
1221 1958 1224 1963 '

164 2044 269 2087 tantum
281 2032 368 2100 nocti,
384 2033 497 2102 spatium
504 2031 631 2102 innqunle
639 2033 674 2085 vi·
719 2033 773 2087 Sed
780 2053 864 2103 quum
875 2034 903 2088 in
912 2034 985 2088 nullo
993 2034 1081 2090 codice
1088 2034 1145 2091 hnc
1151 2035 1232 2090 lectio

164 2132 224 2167 sum
235 2121 289 2180 est,
313 2130 366 2181 quo
377 2110 417 2162 vir
431 2116 533 2176 tantus,
545 2109 673 2164 Hercules
719 2114 1230 2181 appareat,nostolaretinemussson.

164 2190 413 2259 scilprocrearetur.
421 2187 514 2242 Unam
522 2188 624 2258 igiture
633 2184 674 2258 gess
718 2214 752 2229 ·-
765 2189 821 2244 Etsi
832 2201 1006 2258 constantem,
1020 2202 1084 2246 teste
1095 2191 1233 2245 Burman·

164 2268 243 2320 minis
258 2277 365 2320 noctem
386 2266 489 2331 effecit,
508 2283 561 2333 quo
578 2264 675 2320 diutim
718 2287 774 2333 no,
796 2270 917 2323 omnium
929 2269 1057 2324 librorum
1069 2270 1230 2337 lectionem,

165 2365 226 2397 eum
237 2343 363 2397 Alcmene
373 2353 590 2396 commoraretur.
602 2344 674 2396 Hinc
722 2349 774 2398 ute·
786 2366 815 2399 se
828 2353 883 2399 tota
897 2366 995 2415 equom
1005 2351 1111 2407 debent,
1132 2368 1147 2401 e
1165 2368 1231 2402 con-

165 2423 248 2475 dictus
263 2419 391 2475 Herculeo
404 2419 673 2488 lpt'yuoe,aTheocr.
719 2431 791 2477 textu
799 2442 854 2477 non
867 2423 963 2494 pellere
974 2444 1022 2493 per
1034 2445 1083 2478 nos
1094 2425 1231 2490 linetae·
1272 2487 1275 2493 ¹

166 2497 377 2572 ldyl.xx1v,31;
391 2506 418 2550 et
427 2499 571 2574 rpeiraerpor,
588 2496 674 2570 aLy-
720 2500 819 2555 riorem
827 2501 1232 2559 tamenetinmnobisvisamesse

163 2576 253 2649 cophr.
264 2576 293 2629 iu
303 2573 458 2629 Cassandra.
720 2579 912 2633 correctionem
922 2578 1164 2634 Heinsiisatemur:
1176 2582 1253 2643 Itu,

198 2675 236 2708 ιο.
253 2655 310 2708 uun
322 2660 395 2705 tanti.
407 2651 622 2721 Sligtenhorstius
642 2671 673 2705 ex
720 2662 817 2710 seluta
825 2675 923 2724 equora
933 2657 1026 2707 deber!
1033 2672 1042 2716 ,·
1059 2654 1109 2706 hoc
1120 2666 1177 2722 est,
1189 2656 1235 2711 de·

166 2733 266 2802 scriptis
280 2731 350 2785 libris
366 2731 485 2800 legebat:
719 2735 784 2789 bent
801 2732 846 2786 tibi
865 2731 935 2802 quod
951 2737 1006 2783 tuta
1019 2731 1071 2784 siut
1086 2741 1134 2784 etc.
1154 2731 1235 2801 Quid

187 2824 233 2863 Non
242 2825 289 2862 setis
298 2851 305 2872 ,
319 2830 341 2860 ut
349 2830 414 2860 tuem
424 2821 558 2872 conciperem,
568 2819 613 2858 suit.
719 2806 782 2864 uero
793 2811 873 2863 doda?
885 2811 959 2864 Num
967 2807 1018 2861 lloc
1030 2807 1139 2861 Herculi
1149 2808 1236 2867 (lebo-

165 2898 253 2966 Atque
275 2895 311 2948 ita
336 2894 425 2946 minor
451 2890 564 2966 Gryphii
585 2890 673 2945 editio.
719 2886 1048 2957 bant,quodtotaessent,
1062 2885 1134 2956 quod
1147 2908 1233 2959 equ-

165 2976 266 3029 Hnrus.
285 2973 317 3026 In
336 2971 435 3026 Moreti
451 2967 539 3024 codice
550 2979 605 3037 ert,
623 2987 674 3022 non
718 2972 772 3024 n?
787 2966 908 3019 Lunum.

163 3061 250 3113 lanta,
274 3057 303 3103 u!
315 3057 418 3115 tantm
432 3051 499 3102 sorte
514 3046 591 3101 bene.
746 3043 784 3098 15.
795 3043 1232 3113 {stumquedomumldesuorien-

198 3131 236 3184 13.
252 3132 361 3196 Respice
372 3129 515 3180 niude'cr'bus
526 3134 575 3184 etc.
585 3125 673 3177 Ance-
721 3134 776 3179 tem
787 3134 814 3179 et
825 3122 1004 3187 occidentem,
1021 3124 1080 3192 quia
1092 3122 1155 3176 inde
1167 3121 1228 3189 Sol,

163 3209 202 3263 dit
219 3206 325 3277 propior
345 3205 378 3258 nd
399 3205 563 3272 majestatem
583 3200 674 3270 Virgi-
719 3212 749 3254 ut
761 3221 793 3255 er
804 3200 885 3255 domo
896 3201 1044 3273 egreditur,
1056 3200 1107 3254 huc
1116 3200 1229 3269 iterum,

163 3286 276 3350 limam,
297 3281 476 3352 Ed.1v,17:
720 3282 793 3351 quasi
822 3280 949 3348 domum,
971 3301 998 3334 se
1018 3277 1117 3347 recipit.
1135 3278 1230 3332 Senec.

160 3377 292 3427 Pontumque
301 3381 354 3423 reget
363 3371 431 3422 petriis
440 3369 548 3409 virtutibus
555 3369 628 3409 orbern.
720 3358 802 3415 Herc,
816 3360 926 3414 Furem,
944 3357 1005 3412 1061
1020 3359 1160 3424 :Novitpne
1172 3363 1232 3409 tm

200 3452 236 3514 rt„
258 3451 322 3514 Qua.
335 3444 365 3498 Id
377 3455 416 3498 est
426 3484 433 3509 ,
445 3447 495 3496 uti.
511 3440 591 3496 Cror.
720 3446 837 3507 utrasque
848 3440 935 3492 domos
946 3453 955 3501 ,·
976 3446 1004 3490 et
1014 3435 1094 3488 Herc.
1107 3432 1171 3487 Oet.
1183 3432 1226 3489 δι’

200 3530 236 3579 ι5,
246 3526 279 3579 Se
285 3529 389 3592 tibr'pax
399 3529 472 3576 terro·
481 3531 530 3575 etc.
539 3520 584 3574 Sic
589 3521 616 3573 in
627 3538 673 3574 ve-
745 3528 839 3582 Ueraeqne
845 3528 913 3568 rheti
921 3528 1007 3566 κιιῑιωι
1014 3526 1089 3565 eulmen
1097 3524 1176 3562 doum

165 3605 279 3670 teribus,
293 3613 370 3670 atque
386 3600 437 3653 hoc
454 3597 579 3668 loquendi
591 3596 672 3651 ruodo
720 3603 817 3658 Noster
833 3609 961 3669 umque
976 3601 1095 3652 Ptaebum
1111 3595 1194 3661 dicit,
1213 3613 1232 3649 1.

164 3682 275 3750 septimo
283 3680 363 3733 etiam
372 3679 438 3733 ttlee.
451 3675 563 3732 Ovidius
575 3677 673 3730 utitur:
721 3679 902 3742 Metam-338¹,
911 3685 1071 3744 ctutrumque
1078 3678 1147 3728 latus
1154 3675 1231 3737 Solis,

238 3769 285 3808 Tibi
296 3752 399 3820 ”sempr
406 3769 483 3807 debebit
490 3769 554 3806 lum.
568 3767 671 3806 Neron.
721 3775 750 3812 11.
762 3758 831 3810 Faet.
844 3755 897 3808 13&
908 3756 1006 3809 Buten.

166 3841 218 3893 Alii
242 3841 342 3896 codices
358 3863 421 3910 pars
440 3849 511 3895 terra
534 3839 672 3894 habebant.
756 3855 793 3903 ¹7·
813 3834 889 3899 Quod
898 3839 924 3885 ee
939 3836 1047 3885 laturum
1059 3838 1113 3892 est,
1136 3831 1231 3883 Celsa

164 3916 269 3972 Scribe:
716 3915 849 3981 pn'ore'pse
861 3913 951 3963 tulisti.
964 3911 1117 3978 Frequens,
1130 3928 1164 3961 ne
1176 3907 1232 3960 ire-

163 3998 473 4051 sotitipuem·‚uhtmuza
482 3999 643 4053 aquendebent
721 3988 842 4059 quentior
863 3988 964 4054 diram,
985 3986 1054 4059 apud
1076 3988 1205 4040 Nostrum
1222 4023 1231 4046 ,

164 4074 234 4127 Num
254 4082 279 4125 et
304 4090 376 4124 mare
397 4084 423 4125 et
446 4084 547 4140 terras,
568 4071 672 4125 domitis
720 4067 861 4122 verborum
891 4069 961 4121 inter
986 4086 1012 4119 se
1039 4063 1230 4119 colludentium
