2790 4696
188 327 231 412 st
547 327 812 396 arrsrona
839 331 892 396 11.

234 461 397 537 Heredem
415 466 544 566 patriae,
564 463 705 563 perfide,
723 465 848 540 fraudis
865 469 945 564 agis.

184 577 259 666 Illa,
277 606 338 652 neo
357 580 503 669 invideo,
520 580 641 653 fruitur
657 579 793 655 meliore
811 583 946 670 marito;

230 698 335 796 lnque
354 696 534 799 capistratis
552 695 695 790 tigribus
713 695 778 769 alta
795 697 896 771 sedet.

179 812 227 885 At
243 841 316 887 mea
333 812 475 913 despecti
491 810 627 906 lugiunt
645 813 814 887 connubia
830 814 990 902 Thraces,

228 928 330 1027 Quod
346 927 430 1001 serar
446 942 617 999 externum
638 928 857 1028 praeposuisse
875 929 967 1000 meis.

178 1045 289 1143 Atque
306 1039 444 1139 aliquis:
466 1073 483 1105 κ
500 1041 624 1113 Doctas
637 1042 704 1138 jam
717 1070 805 1114 nunc
819 1060 885 1127 eat,
902 1044 1027 1141 inquit,
1044 1047 1214 1122 Athenas!

224 1155 419 1232 Anniseram
435 1156 601 1243 Thracen,
622 1156 679 1256 qui
696 1173 805 1250 regat,
824 1154 906 1229 alter
923 1157 994 1229 erit.
1017 1192 1033 1223 »

176 1273 293 1347 Exitus
309 1288 379 1344 acta
395 1271 525 1373 probat.
546 1273 663 1345 Careat
680 1269 887 1344 successibus
905 1287 1003 1370 opto,
1207 1300 1240 1350 85

222 1387 385 1486 Quisquis
402 1387 444 1460 ab
463 1404 581 1461 eventu
598 1385 683 1460 facta
700 1384 846 1458 notanda
863 1402 968 1485 putat.

171 1504 219 1578 At
234 1503 263 1576 si
279 1518 393 1576 nostra
409 1520 468 1576 tuo
486 1519 696 1604 spumescant
712 1531 847 1603 aequora
863 1531 969 1591 remo,

169 1681 236 1734 satu
241 1677 415 1732 mumdum
422 1689 534 1749 βψω
542 1678 604 1732 vem
613 1698 678 1749 9⁰⁵*
728 1679 783 1730 Quos
790 1693 825 1730 ego
832 1693 875 1717 sum
882 1680 939 1718 toties
947 1680 986 1729 jum
995 1680 1097 1730 dedignata
1103 1683 1200 1721 maritos?

170 1757 233 1812 teris
243 1754 402 1810 subtrahere.
427 1757 471 1811 Sic
482 1759 536 1810 sere
555 1755 679 1810 Comicus
752 1752 791 1803 83.
802 1753 1035 1821 Atquealtpm'setc.
1043 1755 1138 1806 Amare
1147 1756 1236 1811 Thrax

170 1836 432 1887 nosterzlesFemmes
439 1836 569 1888 Sarantes.
576 1834 677 1886 A.1.s.1.
727 1829 848 1898 quidam,
868 1850 947 1900 quem
964 1830 1115 1899 loquentem
1128 1833 1235 1887 inducit.

170 1922 286 1974 Quandtur
293 1935 332 1961 m
337 1936 435 1974 personne
444 1937 468 1961 on
474 1912 659 1976 pretendersgtar,
759 1909 805 1974 85,
824 1909 863 1960 86.
886 1912 980 1961 Euius
999 1916 1059 1962 acla
1074 1914 1168 1977 probol
1186 1922 1235 1964 eir.

170 1994 222 2035 cesa
228 2006 272 2046 par
284 1993 311 2033 tes
325 1993 392 2034 bem
409 1995 461 2034 ctus
476 1995 526 2047 qiett
535 1995 565 2034 tui
575 1994 627 2049 saus
636 2007 675 2033 m·
725 1983 850 2040 Heinsius
861 1985 893 2038 ad
906 1986 933 2038 h.
944 1986 960 2038 l.
971 1992 1055 2040 eat'lus
1063 1995 1123 2040 acta
1128 1992 1232 2054 probat,

242 2054 332 2095 '‘⁶¹⁶st
725 2085 738 2108 «ε
751 2062 778 2115 id
791 2074 846 2129 est,
860 2064 958 2132 inquit,
971 2064 1055 2117 bonus
1066 2065 1235 2132 esilussacta

167 2130 272 2192 fflmss'i
285 2144 367 2198 ⁵²P‘s
381 2147 429 2199 Ps⁰
441 2132 542 2181 ‘iuliani
724 2142 857 2210 probanda
870 2163 923 2196 esse
941 2142 1021 2196 efficit
1033 2166 1039 2207 ;
1062 2143 1107 2197 sed
1125 2154 1187 2212 opto
1204 2154 1233 2195 ut

207 2219 246 2289 78.
275 2221 399 2272 Heredem
419 2222 531 2286 patuis,
557 2218 673 2287 pefide,
722 2238 841 2273 successu
851 2228 953 2277 careat.
969 2222 1082 2290 quisquis
1087 2221 1166 2290 sacta
1177 2220 1233 2274 cul-

158 2296 333 2365 smudt'sagt's.
345 2294 480 2362 Perfidia,
493 2314 549 2347 non
559 2307 674 2365 paternae
723 2297 808 2365 panda
821 2317 874 2351 esse
888 2296 984 2363 credit,
999 2311 1057 2367 post
1067 2300 1167 2351 bonum
1179 2299 1233 2350 cxi-

165 2373 283 2440 virtutis,
306 2372 432 2427 heredem
445 2382 470 2425 te
485 2373 558 2443 geris.
583 2372 674 2441 Quam
723 2384 787 2427 tum.
801 2396 814 2420 a
831 2374 937 2438 Voluit,
954 2374 982 2425 ni
995 2375 1083 2441 fallor,
1102 2387 1159 2445 post
1170 2396 1229 2428 ma-

164 2452 337 2518 sententiam,
354 2451 393 2504 bis
403 2461 511 2520 terque,
524 2470 598 2504 more
610 2469 672 2517 suo,
720 2455 780 2503 lum.
798 2450 849 2503 Sed
864 2469 922 2502 eam
935 2468 1040 2518 quoque
1052 2453 1121 2522 vrilgi
1134 2453 1232 2522 opinio·

165 2539 193 2583 et
204 2530 271 2582 mira
281 2530 424 2583 verborum
435 2528 578 2598 varietate,
596 2539 673 2599 poeta
721 2547 803 2592 nem,
831 2528 903 2580 bono
926 2527 996 2578 exitu
1020 2529 1122 2597 probari
1144 2533 1232 2596 lacta,

164 2608 219 2677 iam
230 2606 328 2662 extulit.
720 2625 794 2658 suam
807 2604 894 2657 secisse
909 2602 1029 2675 Phyllida
1041 2624 1095 2656 non
1109 2617 1187 2674 puto;
1201 2609 1233 2660 si·

199 2705 238 2759 79.
259 2686 324 2749 Illa,
336 2704 383 2737 nec
393 2687 502 2747 riretiico,
509 2685 609 2752 favetur
620 2702 674 2736 mc-
720 2684 773 2736 cuti
792 2703 840 2735 nec
854 2682 1024 2734 Burmannus
1038 2683 1163 2751 putabat,
1188 2687 1231 2737 cui

162 2765 225 2814 It'ooe
233 2766 329 2815 martio.
340 2762 512 2815 Hunclocum
522 2760 671 2831 expressisse
719 2761 807 2829 priora
827 2759 920 2824 verba,
943 2764 1028 2811 exitus
1044 2765 1106 2811 acta
1119 2763 1229 2825 probat,

163 2838 268 2893 videtur
277 2839 378 2893 Seneca
386 2841 412 2892 in
424 2840 538 2911 OEdipo,
552 2841 613 2906 488,
627 2839 670 2891 ubi
720 2838 854 2891 Thracum
860 2857 913 2890 esse
919 2836 1054 2901 videntur,
1063 2836 1228 2892 illudentium

162 2917 199 2971 ita
210 2926 248 2970 est
260 2915 292 2970 de
305 2915 407 2970 Baccho
417 2929 443 2971 et
456 2916 571 2970 Ariadne
583 2917 654 2987 ipsa:
719 2914 831 2969 credule
841 2915 953 2967 nimium
963 2913 1090 2986 Phyllei,
1106 2925 1132 2966 et
1140 2935 1229 2985 expro-

199 3005 267 3047 Nuo·
276 3007 341 3055 AEgaeo
349 3006 505 3058 redimirnpono
717 2993 891 3062 bantiumipsi
902 2992 1060 3057 facilitatem,
1071 3012 1120 3060 qua
1132 3014 1159 3045 se
1172 2994 1228 3047 hos·

199 3079 597 3129 nauarent-minirumaticum,
718 3071 764 3141 pici
775 3069 934 3136 tradidisset,
947 3088 1008 3121 cum
1017 3088 1051 3121 ex
1059 3077 1148 3121 eventu
1156 3090 1227 3126 nune

197 3151 281 3192 metiore
289 3153 449 3203 monianum
457 3155 534 3192 mrito·
585 3156 644 3193 cror.
718 3148 854 3218 perfidiam
879 3148 1090 3217 Demophoontis
1118 3146 1226 3203 videret.

194 3224 234 3276 80.
256 3227 377 3293 iign'bus.
390 3225 493 3280 Baccho
503 3246 596 3291 sacrae;
613 3230 669 3280 Ca-
718 3225 860 3294 Sequentia
870 3237 958 3279 autem
967 3226 1054 3290 verba,
1064 3226 1227 3300 ipsiusl’hyl-

156 3304 274 3367 paitratae
291 3302 415 3356 dicuntur
436 3323 450 3355 a
471 3311 597 3373 capistro,
617 3325 669 3374 quo
716 3302 788 3371 lidis,
812 3304 930 3357 voventis
954 3302 1109 3355 successibus
1133 3324 1225 3358 onmes

160 3378 313 3433 animalium
323 3381 405 3452 capita
417 3382 532 3435 involuta
545 3395 670 3436 tenentur
716 3400 825 3448 carere,
855 3382 900 3450 qui
918 3380 952 3432 ita
969 3391 1225 3449 argumentaremur.

161 3476 196 3509 ne
204 3457 320 3528 fugiant,
331 3471 358 3513 et
366 3479 419 3531 quo
429 3459 526 3513 facilius
537 3471 669 3532 regantur.
717 3458 785 3511 Mihi
798 3477 860 3510 vero
878 3457 1030 3523 Thracum,
1050 3459 1102 3511 sive
1116 3458 1225 3512 'l'ltracis

193 3535 233 3587 8ι.
246 3536 348 3591 >tamea
354 3542 524 3608 despectt'ctc.
534 3542 669 3607 Despectus
715 3535 864 3606 cujusdam,
877 3554 964 3589 sermo
976 3537 1061 3587 multo
1072 3537 1224 3589 concinnius

159 3610 302 3683 legendum
311 3617 438 3670 statuebat
448 3617 624 3670 Walchcnar.
635 3619 668 3672 ad
715 3632 791 3667 versu
803 3616 834 3681 84
847 3613 955 3679 absolvi,
969 3634 1046 3684 quain
1061 3612 1092 3666 ad
1106 3613 1224 3667 medium

161 3688 294 3760 Euripidis
303 3692 460 3761 Phaenissas,
474 3716 497 3765 p,
510 3698 565 3748 515.
580 3696 650 3750 Male
658 3738 666 3765 ‚
714 3711 738 3744 v.
750 3691 782 3743 85
794 3692 956 3751 continuari;
970 3712 999 3745 ac
1010 3692 1129 3744 similiter
1140 3710 1225 3761 oppo-

161 3769 667 3847 utputo.lllauilestahicimitatiol'irg.
714 3767 802 3821 nenda
819 3770 841 3821 ei
861 3768 987 3840 Phyllidis
1005 3771 1140 3839 responsio
1163 3770 1223 3839 pla-

162 3844 226 3899 AEn.
238 3861 282 3912 lt,
296 3845 357 3911 534:
714 3846 786 3911 nius,
800 3856 827 3899 et
839 3846 1048 3900 Ovidianomori
1060 3850 1224 3902 convenien-

236 3936 413 3985 ltunmepmcos
423 3937 560 3992 ints-pram
714 3924 764 3976 tius
781 3924 813 3976 ab
829 3925 985 3994 incipiente,
1005 3946 1083 3995 quam
1100 3945 1115 3977 a
1133 3924 1222 3976 medio

163 4008 269 4061 Experiar,
281 4008 432 4059 Nondumque
439 4018 606 4061 pnumeomti·
618 4031 667 4070 sup-
713 4022 805 4068 vcrsn,
818 4002 922 4055 initium
935 4004 1041 4057 ducere.
1055 4004 1176 4055 Lnrtttnr.

236 4084 292 4135 pta,
744 4082 784 4151 87.
800 4083 840 4134 At
854 4087 882 4134 si
890 4088 983 4135 nostra.
1001 4082 1072 4137 Nihil
1088 4090 1159 4134 certe
1173 4080 1222 4136 tuti
