2790 4696
295 1098 620 1186 EPISTOLAE
655 1097 1209 1204 DECIMAE-QUINTAE

552 1342 945 1411 ARGUMENTUM.

261 1579 342 1639 Duas
355 1576 425 1638 olim
434 1577 551 1640 seminas
573 1577 689 1661 Sappho
703 1578 837 1655 nemisse,
852 1591 882 1640 et
895 1592 1045 1660 utramque
1060 1580 1144 1642 lande
1157 1600 1277 1664 poeseos

221 1683 361 1767 insignem
382 1682 521 1745 exstitisse
541 1697 655 1745 narrant
677 1684 796 1760 Snidas‚
823 1683 953 1746 AElisnus
970 1696 1001 1748 et
1018 1685 1081 1757 alii3
1102 1707 1156 1746 nee
1175 1686 1232 1746 utta
1247 1708 1279 1748 ea

222 1788 257 1848 de
268 1809 299 1848 re
312 1787 466 1870 disputatio
484 1801 538 1851 est.
554 1789 612 1851 Sed
627 1788 749 1851 multum
769 1789 871 1850 doctos
890 1791 967 1851 inter
984 1789 1151 1876 ambigitur,
1171 1811 1208 1851 an
1231 1791 1279 1854 ills

223 1892 361 1976 Sappho,
380 1894 467 1975 eujus.
481 1894 633 1977 fragmenta
646 1895 750 1956 merito
770 1893 862 1956 adhuc
875 1894 1072 1973 celebrantur,
1092 1915 1126 1956 ea
1143 1897 1182 1958 sit
1194 1919 1278 1978 quse,

220 2020 313 2081 mum
320 1996 465 2059 Phaonem
475 1999 625 2079 quemdam
633 1999 743 2082 perdite
758 2000 926 2076 adamasset,
940 2022 1028 2082 seque
1040 1999 1075 2061 ab
1085 2000 1136 2062 iilo
1147 2002 1278 2064 sensisset

221 2103 349 2188 negligi,
369 2103 458 2164 saltus
471 2104 601 2185 ingressu
614 2105 732 2179 ss'n'ler,
756 2117 790 2165 ut
805 2125 870 2167 cnm
883 2105 1003 2188 Papinio
1019 2105 1140 2188 loquar,
1161 2106 1232 2170 silv.
1242 2131 1277 2186 v,

224 2209 320 2270 Carus.
335 2226 385 2286 111,
393 2233 421 2270 v.
435 2207 512 2286 155,
526 2231 589 2272 sese
598 2210 629 2270 in
643 2230 737 2285 usare,
749 2229 782 2270 ex
799 2211 940 2287 Leuuate,
959 2210 1042 2293 Epiri
1060 2213 1277 2294 promontorio,

221 2313 338 2375 immisit
355 2314 538 2396 praecipitem.
565 2317 609 2375 Ex
624 2327 745 2395 unaque
756 2336 840 2376 unum
854 2316 1036 2398 eamdemque
1055 2317 1169 2379 videtur
1183 2318 1277 2381 iecisse

224 2416 347 2479 Ovidius
369 2419 400 2479 in
425 2417 477 2480 hoc
495 2417 643 2501 Epistola,
668 2439 753 2499 qnam
771 2420 807 2480 ad
827 2418 970 2483 absentem
994 2421 1116 2483 amicum
1138 2423 1278 2506 suipsius

223 2522 361 2608 fingitur,
380 2546 470 2605 quum
485 2526 540 2606 jam
553 2535 629 2584 eerta
641 2525 733 2600 mori,
748 2525 905 2589 Leucadios
921 2525 1008 2588 saltus
1021 2528 1214 2591 meditaretur.
1232 2527 1278 2591 Ob

216 2628 325 2710 oeulos
345 2648 456 2689 carmen
479 2627 616 2690 Ovidium
634 2626 764 2691 habuisse
785 2631 898 2712 qnidam
919 2629 1091 2706 existimam,
1115 2652 1177 2711 qno
1199 2633 1278 2699 navi·

223 2744 335 2819 gantem
352 2733 383 2793 iu
396 2733 518 2795 Siciliam
528 2731 673 2795 Phaonem
687 2735 748 2816 ipsa
762 2733 877 2817 Sappho
892 2747 1040 2816 prosecuta
1051 2734 1151 2795 fumat.

266 2837 409 2901 Herodot
422 2855 468 2915 11,
491 2835 557 2900 165.
568 2871 609 2884 -
621 2838 696 2901 Pliu.
710 2855 797 2916 ιιιιιι,
813 2837 842 2902 8·
856 2870 898 2887 -
909 2838 1106 2921 petreponte
1118 2841 1277 2906 lnereditit.

226 2944 336 3008 Histoe.
351 2977 393 2995 -
407 2942 583 3023 astemus,
602 2962 681 3025 xut,
701 2968 731 3027 7.
