2790 4696
222 325 288 391 ’ωδ

567 327 829 399 EPISTOLA
854 334 922 399 Xl.

267 463 322 536 Sic
338 462 451 537 videor
467 463 552 538 duro
569 494 667 567 posse
684 467 811 567 placere
829 468 927 568 patri.

219 580 294 678 lpse
308 579 397 652 necis
415 606 565 678 cuperem
582 599 702 654 nostrae
720 601 884 683 spectator
897 582 1042 672 adesset,

267 694 489 793 Auctorisque
507 693 611 767 oculis
629 696 814 790 exigeretur
829 726 925 798 opus.
1022 686 1026 695 ¹

220 809 267 879 Ut
283 807 372 880 ferus
388 827 454 895 est,
472 807 644 910 multoque
661 810 730 883 suis
747 809 964 885 truculentior
979 812 1096 900 Euris,

267 921 453 1021 Spectasset
469 923 563 996 siccis
580 923 714 998 vulnera
727 942 841 998 nostra
854 925 958 1019 genis.

219 1033 350 1108 Scilicet
363 1052 413 1108 est
427 1034 568 1136 aliquid,
587 1065 662 1110 cnm
677 1038 769 1111 saevis
785 1038 890 1112 vivere
904 1038 1030 1113 ventis:

266 1150 404 1244 Ingenio
418 1149 535 1251 populi
553 1152 706 1225 convenit
721 1149 777 1225 ille
795 1151 856 1223 sui.

218 1261 277 1335 Ille
294 1264 401 1352 Noto,
423 1263 654 1364 Zephyroque,
671 1282 705 1337 et
722 1264 876 1337 Sithonio
893 1262 1055 1365 Aquiloni

199 1463 204 1477 Ι
266 1377 428 1474 Imperat,
447 1394 481 1450 et
493 1378 626 1477 pennis,
645 1380 733 1450 Eure
751 1394 916 1478 proterve,
936 1377 1011 1449 tuis.

217 1491 378 1590 imperat,
392 1489 474 1563 heu!
493 1491 615 1579 ventis;
634 1491 767 1565 tumide
778 1520 848 1565 non
864 1493 1003 1592 imperat
1019 1492 1095 1566 irae:
1244 1519 1272 1570 15

264 1602 418 1677 Possidet
434 1621 467 1677 et
483 1605 571 1677 vitiis
582 1632 684 1699 regna
700 1605 829 1678 minora
845 1605 924 1678 suis.

217 1717 309 1814 Quid
325 1718 432 1816 juvat,
451 1717 616 1791 admotam
631 1746 692 1818 per
705 1746 841 1792 avorum
856 1720 990 1792 nomina
1008 1718 1099 1810 calo,

265 1835 357 1907 lnter
372 1851 531 1929 cognatos
548 1861 645 1934 posse
661 1833 780 1907 referre
797 1835 938 1907 lovem?

215 1952 304 2024 Num
316 1950 426 2023 minus
441 1949 612 2038 infestum,
628 1947 780 2022 fimebria
795 1976 946 2038 munera,
961 1949 1081 2024 serrum

264 2067 417 2139 Feminea
433 2083 546 2153 teneo,
564 2093 634 2137 non
650 2092 721 2138 mea
737 2061 816 2151 tela,
835 2065 957 2138 manu?
1239 2106 1269 2140 πο

216 2180 248 2254 0
265 2179 406 2267 utinam,
428 2181 596 2267 Macaron,
613 2207 686 2279 quae
702 2206 766 2251 nos
782 2179 946 2253 commisit
963 2179 998 2251 in
1013 2207 1135 2268 unum,

248 2435 269 2483 7.
283 2416 340 2480 Ipse
350 2416 427 2465 necis.
446 2413 513 2465 Neci
526 2411 591 2465 alter
602 2412 715 2466 Mente·
799 2432 836 2483 ¹7·
857 2413 1005 2480 Quilljuea!
1012 2414 1140 2465 dandam
1151 2421 1200 2466 ete
1213 2411 1267 2466 Pri·

212 2490 345 2545 lianus:et
353 2488 447 2543 deinde
456 2491 571 2558 quinque
580 2490 716 2543 libriades·
763 2489 903 2543 musenim
912 2488 1127 2543 AEolusHellenis
1135 2490 1267 2553 fitiustuie

214 2588 270 2637 ses,·
281 2569 327 2622 sed
339 2580 402 2622 tunc
418 2569 473 2638 lege
491 2568 609 2637 sequenti
624 2587 715 2633 versu,
765 2565 1268 2635 Hellen,Jovis.Quareperseriemaro

212 2652 358 2701 aucton'sve.
377 2646 494 2699 Imitatus
505 2656 593 2698 autem
604 2655 642 2698 est
654 2645 717 2698 Vin-
764 2664 841 2709 rum,
852 2652 878 2696 et
886 2643 938 2712 ipsa
947 2641 979 2694 ad
989 2641 1084 2694 Jovem
1096 2661 1178 2710 genus
1189 2665 1269 2699 sunm

213 2727 320 2796 gilium,
341 2743 375 2792 x,
388 2725 452 2791 443:
763 2719 1272 2784 referebat-Quiaell'rteatadmolamete.

263 2814 357 2862 Cuperem
367 2811 408 2860 ipse
415 2822 483 2859 parens
491 2816 586 2859 spectator
595 2809 676 2846 odunt.
685 2807 713 2846 Η.

214 2930 217 2935 .
247 2886 271 2937 8.
294 2884 457 2950 Auctorisque
475 2885 555 2934 oculu
575 2885 718 2948 exiperetur

210 2982 279 3031 opus.
301 2958 382 3029 Quod
404 2959 540 3028 imperavit
558 2977 638 3027 opus,
658 2957 714 3026 ipso

210 3050 350 3111 praesente,
363 3036 515 3107 perficerem
527 3055 534 3088 t
546 3035 573 3088 id
582 3044 635 3100 est,
654 3034 713 3103 gla-

210 3120 254 3173 dio
263 3138 324 3183 me,
340 3135 419 3185 quem
431 3115 513 3180 misit,
526 3113 713 3166 interimerem.

244 3217 282 3249 ro.
291 3197 425 3263 Spectarct.
432 3194 577 3261 Speclqsscl
581 3189 647 3242 libri
657 3190 713 3242 Pu-

208 3283 332 3337 teaneus,
344 3277 445 3339 spectat
453 3272 505 3322 sed.
518 3268 617 3321 Hesus.

243 3372 279 3403 12.
299 3353 446 3416 Populr'sm‘.
463 3348 565 3399 Ventos
577 3343 711 3414 intelligit,

207 3445 320 3493 quorum
331 3426 470 3495 imperium
481 3422 560 3475 AEolo
568 3422 710 3489 Homerus,

208 3503 383 3575 virgiliusque
393 3501 541 3570 adsignant:

395 3593 456 3631 Tenet
464 3591 496 3628 ille
504 3589 595 3626 inmant-
602 3601 659 3636 sau,

207 3667 285 3704 Vestras
290 3694 297 3713 ,
305 3667 356 3704 Eure
361 3693 367 3713 ‚
376 3664 456 3714 domos3
464 3663 498 3700 illa
505 3674 525 3699 se
534 3661 592 3711 jactet
601 3662 622 3698 in
629 3661 675 3697 sule

209 3738 285 3776 attolus.
502 3735 589 3773 AEurn
601 3743 623 3781 ι,
639 3733 679 3772 stt.

241 3810 278 3860 16.
287 3811 405 3862 Possidet
413 3816 442 3861 e!
450 3812 521 3861 vitrii
531 3826 608 3874 regna
614 3811 710 3859 minora

205 3888 265 3935 suri.
285 3885 356 3936 Nihil
376 3885 463 3953 aliud,
487 3903 566 3953 quam
585 3885 709 3954 glossema

207 3960 338 4028 quoddam
349 3981 437 4016 versus
449 3960 627 4032 precedentis:

206 4046 291 4096 lmpornt
301 4043 349 4082 lieul
361 4046 422 4085 venti·
431 4058 436 4084 t
444 4045 523 4084 tumida
531 4058 569 4085 non
578 4045 659 4100 imperet
668 4048 707 4086 inc.

763 2796 810 2850 Est
821 2807 848 2850 et
861 2795 902 2849 hic
913 2795 1047 2848 manifesta
1061 2796 1183 2865 Propert.
1199 2799 1269 2854 imi-

762 2875 837 2942 tatio,
851 2889 895 2941 rt,
909 2872 980 2941 Eleg.
993 2888 1038 2938 xr,
1054 2892 1100 2925 11:

761 2964 815 3014 Quid
826 2962 874 3003 milti
891 2962 1003 3015 eonjugium
1021 2962 1096 3000 Paulli?
1108 2963 1157 3013 quid
1171 2946 1242 3003 currus

830 3049 911 3074 ssorum

782 3107 870 3157 matut,
878 3118 913 3148 eut
921 3108 976 3148 sama
984 3109 1064 3160 pignora
1070 3116 1123 3147 unte
1130 3111 1194 3149 men?

760 3181 796 3236 Et
806 3181 876 3252 quod
887 3182 1018 3252 sequitur:

759 3273 813 3315 Num
820 3275 884 3312 minus
893 3274 976 3312 immites
987 3272 1046 3313 habui
1056 3273 1144 3313 Corneli·
1151 3273 1240 3312 eum?

795 3367 832 3420 sq.
844 3349 908 3402 Nam
916 3352 1004 3400 manns.
1017 3349 1074 3399 Noa
1080 3350 1169 3407 minus,
1176 3346 1264 3416 scripti

759 3423 892 3494 plerique,
908 3434 1002 3493 praeter
1017 3424 1199 3491 Puteaneum,
1218 3424 1264 3493 qui

758 3513 828 3556 recte
840 3522 897 3556 nam
911 3507 998 3555 menas.
1012 3502 1112 3555 tinus.

792 3602 832 3633 ar.
843 3584 969 3634 Oute'nam
975 3621 982 3645 ,
994 3581 1114 3632 Macares
1121 3590 1170 3633 eto
1180 3579 1261 3647 Facti,

758 3657 803 3711 sed
827 3659 924 3723 serius,
946 3657 1053 3726 poenitet
1074 3655 1216 3724 Canacen,
1236 3668 1263 3710 et

757 3732 839 3787 scelus
851 3733 1009 3801 detestatur,
1023 3732 1093 3802 quod
1108 3735 1203 3788 frustra
1215 3736 1261 3787 in-

757 3812 855 3862 {ectum
864 3808 932 3863 velit.
945 3813 1073 3863 Comme'sr't
1080 3816 1108 3863 in
1115 3832 1196 3864 unum.
1206 3813 1262 3867 Nc·

757 3885 836 3938 lando
847 3886 951 3941 vinculo
959 3890 1101 3957 conjunxit„
1113 3889 1180 3942 Edd.
1187 3889 1261 3955 Aldi,

756 3960 913 4016 Bersmanni
924 3977 951 4020 et
963 3967 1089 4038 aliorum,
1108 3970 1259 4040 conpenset,

756 4049 847 4094 contra
859 4041 939 4097 MSS.
