2790 4696
167 308 227 372 182
512 303 776 372 EPISTOLA
799 304 869 372 lx.

212 443 290 514 Non
306 439 480 513 hominurn
495 441 638 541 pingues
649 442 735 518 crede
749 461 900 517 tacentur
912 443 1025 544 equae?
1192 486 1225 538 90

163 550 424 657 Prodigiumque
440 555 575 658 triplex,
593 560 732 633 armenti
750 559 840 634 dives
857 559 964 648 Iberi,

214 674 398 773 Geryones,
419 674 567 773 quamvis
584 674 620 747 in
638 675 747 749 tribus
762 704 851 749 unus
868 677 959 750 erat?

162 792 268 890 Inque
286 817 382 863 canes
400 788 539 863 totidem
557 807 674 866 trunco
692 793 840 888 digestus
856 791 899 866 ab
916 819 985 865 uno

214 906 395 992 Cerberos,
414 905 583 1006 implicitis
600 936 707 1004 angue
724 908 871 982 minante
883 906 1009 981 cornis?

165 1023 314 1123 Quaeque
334 1020 543 1096 redundabat
559 1021 701 1097 fecundo
718 1022 852 1097 vulnere
868 1050 1005 1123 serpens
1195 1041 1229 1113 95

212 1135 360 1233 Fertilis,
376 1154 410 1211 et
427 1135 555 1210 damnis
573 1137 664 1210 dives
680 1138 721 1211 ab
740 1137 812 1238 ipsa
830 1138 922 1210 suis?

165 1252 300 1352 Quique
318 1252 405 1324 inter
421 1250 602 1353 laevumque
619 1252 721 1339 latus,
739 1249 923 1352 laevumque
941 1249 1119 1338 lacertum,

214 1367 384 1461 Praegrave
403 1393 590 1466 compressa
606 1366 698 1441 lance
715 1365 875 1468 pependit
893 1366 1005 1438 onus?

165 1482 212 1553 Et
227 1478 310 1553 male
327 1478 487 1554 confisum
504 1480 663 1581 pedibus,
682 1482 853 1584 formaque
870 1478 1063 1567 bimembri,
1167 1469 1170 1476 ’

214 1594 354 1669 Pulsum
369 1594 568 1670 Thessalicis
586 1625 702 1691 agmen
720 1615 870 1698 equestre
887 1595 999 1694 jugis?
1185 1629 1230 1664 roo

167 1712 247 1785 Haec
265 1729 302 1784 tu
319 1711 458 1785 Sidonio
476 1728 572 1812 potes
589 1712 768 1808 insignitus
786 1712 909 1786 amictu

216 1827 362 1900 Dicere?
377 1856 445 1900 non
463 1825 554 1901 cultu
570 1826 684 1923 lingua
701 1846 829 1901 retenta
844 1826 945 1900 silet?

169 1942 212 2016 Se
231 1972 364 2044 quoque
381 1943 535 2045 Nympha
553 1945 619 2018 tuis
636 1945 765 2018 ornavit
780 1944 929 2019 Iardanis
946 1943 1060 2031 armis,

168 2127 224 2183 Ubi
244 2128 311 2182 male
334 2126 440 2196 quidam
466 2127 558 2197 legunt
572 2129 675 2198 spritus
721 2129 918 2192 subministrem
937 2128 1028 2182 dextra
1041 2137 1129 2182 autem
1147 2144 1232 2180 manu

167 2226 291 2276 suspensa
307 2209 433 2274 superbis,
458 2224 523 2276 quos
544 2206 586 2261 bic
603 2207 675 2261 locus
722 2204 1232 2276 taumcomprimememneoemtiter

169 2284 272 2340 refellit.
284 2284 384 2337 Herus.
722 2284 750 2338 id
758 2284 999 2353 compmssasauce,
1017 2283 1117 2337 nullam
1127 2280 1162 2335 ad
1173 2299 1231 2335 rem

193 2361 676 2433 95.Redundatat.Puteaneusamanu
724 2362 916 2417 accommodari
933 2363 1036 2432 poterit.
1053 2361 1123 2415 Sunt
1141 2369 1231 2414 tamen

169 2438 268 2510 prima,
280 2440 416 2498 elocutam
431 2438 498 2491 sorte
510 2459 559 2509 pro
571 2445 676 2494 multe·
725 2441 770 2510 qui
788 2440 820 2495 de
837 2442 962 2494 Nemeaeo
977 2439 1053 2493 leone
1066 2439 1109 2493 bic
1119 2437 1161 2508 agi
1175 2454 1234 2492 cre·

172 2523 223 2571 tat.
233 2517 333 2569 Hrrns.
343 2514 397 2568 sed
407 2518 565 2570 redundabat
574 2519 677 2589 elegam
726 2517 799 2584 dant,
810 2520 1004 2584 acdestnrrque
1011 2514 1233 2586 lacedumlegant

171 2609 199 2653 et
212 2597 340 2668 probum,
357 2597 510 2666 metaphora
526 2617 539 2649 a
557 2595 677 2650 fluctibus
726 2591 1235 2649 Nauem-Herculaneustiberhabet

172 2677 315 2745 desumpta.
328 2674 383 2728 Cic.
392 2693 439 2744 pro
453 2676 581 2740 Murena,
594 2694 616 2727 c.
627 2675 677 2748 39:
724 2675 884 2738 dextrumque
894 2674 963 2722 tatus
973 2671 1133 2734 dextrumque
1148 2673 1236 2721 lacer·

172 2753 472 2823 Sedque'dtandemfiet?
487 2755 678 2818 sr‘hoecelapsa
725 2755 794 2813 ¹¹⁸2·
818 2758 845 2800 et
867 2749 904 2800 ite
927 2747 1051 2799 Antaeum
1072 2762 1182 2812 quoque
1205 2746 1236 2799 ab

171 2835 204 2885 de
219 2837 447 2893 mauritanensis,
467 2837 494 2884 iu
504 2850 560 2884 eune
570 2848 675 2886 anm.
726 2825 841 2879 Hercule
855 2842 1035 2893 compressum
1053 2822 1129 2874 docet
1145 2842 1236 2877 num-

172 2914 217 2977 qui
233 2912 404 2975 consequitur,
420 2908 604 2960 redundarem?
622 2903 676 2957 Ubi
727 2922 795 2968 mus,
806 2921 885 2972 quem
892 2903 1042 2956 Gronovius
1049 2901 1075 2952 in
1084 2899 1171 2954 Diatr.
1178 2901 1236 2955 Sta·

173 3008 197 3039 v.
215 2984 360 3038 Camerarii
378 2996 468 3048 notos;
490 2985 567 3037 etita
584 2981 678 3052 passim
726 2981 811 3046 tiana,
825 3000 847 3034 c.
862 2997 932 3045 xxv,
947 2979 1067 3044 exbibet,
1079 2978 1124 3030 ubi
1136 2979 1237 3047 pendet

172 3065 264 3135 optimi
275 3064 378 3132 quique.
393 3064 491 3116 Burei.
725 3057 834 3110 Autem
843 3076 1004 3126 oompressus
1011 3056 1101 3109 dextra
1109 3075 1193 3109 manu
1202 3056 1236 3110 ed

206 3142 246 3215 95.
263 3145 382 3202 Feresne,
403 3148 432 3194 et
444 3143 544 3192 damme
561 3142 631 3190 diues
644 3138 678 3187 at
726 3135 847 3188 dextrum
871 3135 936 3188 latus
960 3133 1089 3188 Herculis.
1113 3133 1236 3203 Utraque

174 3226 231 3288 ipsa
252 3226 313 3272 suis.
342 3219 434 3288 Quam
462 3216 599 3287 magnifice
623 3214 680 3268 hoc
726 3233 809 3267 rnanu
821 3215 1007 3278 constrictum,
1026 3222 1117 3264 ventre
1134 3212 1237 3280 pectori

179 3299 273 3352 Horat.
285 3315 329 3364 rr,
342 3296 395 3351 od.
407 3299 438 3362 4,
451 3315 473 3348 v.
487 3297 533 3363 57!
728 3293 850 3346 Herculis
858 3291 978 3356 admoto,
991 3289 1132 3343 exhibetde
1151 3290 1237 3343 Wr‘tde

223 3389 283 3429 nrm·
291 3388 419 3427 utitenonu
428 3386 544 3437 bimaitan
728 3373 756 3426 in
767 3372 871 3442 Signis,
886 3391 942 3441 pag.
954 3370 985 3439 37
997 3391 1004 3432 ς
1021 3369 1057 3421 ita
1069 3377 1098 3419 ut
1110 3367 1202 3420 Poelae
1211 3375 1238 3420 et

223 3462 357 3512 Nigr-semi
364 3459 439 3499 smum·
447 3460 466 3498 in
474 3459 559 3509 Apide,
729 3451 833 3505 littores
841 3449 1004 3503 variaverint.
1014 3447 1112 3500 Boon.

248 3536 285 3574 ¹³⁰¹
293 3536 375 3582 &mr
385 3533 499 3586 ww·
509 3533 533 3571 ὑ
542 3533 584 3583 ⁵1¹⁰
762 3550 802 3602 99.
814 3530 852 3582 Et
862 3531 929 3581 male
940 3527 1058 3596 confisum
1066 3525 1176 3592 peditus
1189 3532 1237 3577 eto

249 3608 377 3658 nucitum,
388 3607 513 3660 nutumque
524 3606 582 3645 “¹¹¹²-
732 3606 928 3660 Centaurorum
943 3602 1125 3673 pernicitatem
1139 3599 1240 3654 intelli-

210 3704 250 3758 97.
263 3688 358 3754 Quique
370 3691 582 3753 intuleruntque
596 3686 679 3748 latus,
730 3685 780 3754 git,
798 3702 862 3754 quos
871 3701 961 3751 apem
974 3686 1087 3749 equestre
1101 3679 1240 3749 ingeniose

176 3763 309 3831 Ianumque
319 3768 446 3817 lacertum.
464 3764 508 3819 Sic
515 3773 589 3816 retus
597 3762 681 3817 lertio.
729 3770 811 3815 vocae

179 3834 266 3904 Atque
274 3841 300 3892 in
309 3840 349 3894 bis
357 3843 471 3896 versibus
479 3841 564 3894 Antei
573 3850 600 3893 et
609 3839 682 3893 ller-
765 3838 819 3889 1⁰3.
839 3837 872 3888 Se
885 3856 978 3906 quoque
991 3848 1038 3892 etc
1062 3835 1133 3889 Cave
1147 3833 1240 3888 audiat

178 3911 241 3965 culis
256 3914 322 3969 lucta
341 3919 372 3971 ab
392 3919 490 3974 ovidio
513 3917 680 3980 describitun
729 3923 844 3969 vetustos
852 3914 968 3981 codices,
982 3916 1026 3984 qui
1040 3918 1154 3967 oneravit
1163 3909 1240 3965 exbi-

176 3999 207 4043 ut
215 3990 344 4045 sublatum
353 3995 417 4050 lavo
428 3996 547 4062 brachio,
557 3997 681 4049 Antaeum
729 3993 806 4046 bent':
818 3994 1008 4061 prestantiores
1019 4004 1088 4048 stant
1098 4011 1145 4062 pro
1155 3989 1239 4045 altera

178 4067 306 4123 Hercules
317 4073 456 4141 sustineat,
472 4092 505 4126 ne
519 4083 604 4127 mater
616 4073 682 4128 vires
729 4070 848 4126 lectione.
861 4072 960 4128 Herus.
970 4071 1038 4126 Mihi
1045 4067 1189 4125 emetita
1199 4088 1239 4122 sa·
