2790 4696
231 1199 1166 1353 urrsrouuuucruAE-Quauru

493 1464 889 1532 A-RGUMENTUM.

205 1698 421 1783 Quinquaginta
443 1696 512 1760 filias
534 1698 649 1759 Danaus
672 1696 801 1780 pluribus
821 1717 837 1758 e
855 1697 1025 1783 conjugibus
1043 1678 1222 1781 susceperat,

162 1823 231 1883 quas
249 1805 392 1888 AEgyptus
411 1803 486 1865 illius
505 1804 611 1880 irater,
623 1804 671 1864 eui
690 1802 808 1864 totidem
820 1800 980 1887 obtigerant
990 1803 1061 1878 biii,
1085 1805 1115 1863 in
1130 1824 1220 1866 nor-or

161 1907 324 1990 postulavit.
347 1910 461 1970 Danaus
482 1906 681 1991 v'ero,-qnum
707 1929 738 1968 ex
755 1894 860 1968 oraculi
880 1892 1018 1990 responso
1044 1920 1220 1993 compertum

163 2011 326 2087 habuisset,
344 1993 471 2075 manibus
504 2035 533 2075 se
545 1992 653 2098 ¹generi
682 2013 862 2095 periturum,
882 2013 950 2073 filias
971 2013 1094 2095 primum
1114 2012 1220 2094 petenti

167 2119 296 2201 AEgypto
311 2119 465 2203 denegavit.
487 2119 576 2192 Quod
591 2139 680 2199 quum
697 2117 743 2176 itte
755 2117 931 2198 impatienter
945 2117 1050 2192 ferret,
1066 2117 1141 2178 tilios
1157 2138 1221 2178 eun

162 2222 284 2282 exermtu
294 2222 387 2298 misit,
402 2223 451 2302 qui
464 2224 593 2282 Danaum
607 2219 755 2282 obsidione
767 2234 945 2302 premerent,
962 2233 1173 2306 cogerentque,
1187 2233 1221 2283 ut

161 2325 229 2384 filias
243 2327 331 2386 daret.
341 2327 429 2387 Dedit
447 2327 560 2407 quidem
574 2347 580 2396 ;
608 2326 656 2386 sed
671 2313 786 2407 accepto
799 2338 903 2409 apatre
919 2347 1096 2406 unaquaeque
1108 2326 1220 2410 gladio,

162 2452 246 2489 suum
265 2451 462 2510 unaquaeque,
489 2433 577 2513 prima
596 2441 700 2506 noete,
718 2433 870 2515 conjugem
890 2430 1046 2491 immaniter
1073 2430 1221 2514 jugularit.

162 2533 229 2593 Sola
250 2536 470 2616 Hypermnestra
483 2536 598 2615 Lynceo
616 2535 761 2616 pepercit,
778 2535 854 2596 uude
870 2534 954 2594 iratus
967 2547 1045 2615 pater
1060 2535 1090 2592 in
1109 2535 1221 2596 vincula

161 2639 288 2697 miseram
299 2639 438 2720 conjecit,
453 2649 573 2697 mortem
585 2641 781 2701 comminatus.
796 2641 856 2699 Hac
866 2659 934 2718 ergo
946 2635 1075 2716 Epistola
1086 2641 1221 2700 maritum

161 2755 261 2825 rogat,
286 2744 336 2822 qui
352 2743 386 2801 ad
404 2744 564 2824 AEgyptum
580 2717 687 2824 patiam
701 2742 883 2826 confugerat,
897 2752 929 2800 ut
945 2759 1028 2819 opem
1043 2738 1112 2800 serat
1132 2765 1219 2821 quana

160 2847 302 2927 primum,
323 2860 352 2908 et
364 2848 459 2910 veniat
477 2869 593 2910 uxorem
609 2869 716 2910 caruem
736 2845 911 2907 liberaturus.

200 2954 317 3015 Pausau.
341 2970 382 3029 11,
400 2975 445 3039 ¹9·
467 2989 507 3000 -
528 2953 664 3036 Apollod.
681 2970 727 3028 ιι,
746 2974 771 3012 ι.
