2754 5160
225 1629 549 1717 emsroun
586 1592 1148 1718 nucinum-oculum

489 1824 880 1893 ARGUMENTUM.

193 2035 292 2110 Quum
308 2034 429 2116 puellam
446 2036 565 2096 Sestiam
580 2037 661 2097 Hero
678 2035 807 2096 Leander
822 2034 981 2118 Abydenus
1000 2032 1114 2095 misere·
1124 2032 1216 2115 depe-

152 2142 239 2217 riret,
255 2141 306 2220 qui
322 2138 520 2218 interfluebat,
541 2142 760 2223 Hellespontum
773 2153 945 2201 transnatare
961 2150 1161 2213 consueverat,
1180 2149 1216 2197 nt

152 2246 243 2319 clam,
264 2258 294 2306 et
304 2259 393 2306 noctu
408 2245 522 2326 quidem
532 2246 566 2307 ad
582 2248 696 2308 amicam
713 2258 899 2329 properaret,
918 2267 984 2327 qnae
993 2244 1091 2306 dunen
1100 2243 1214 2305 itineris
1299 2240 1302 2247 '

153 2352 297 2413 ardentem
310 2352 397 2412 [ecem
407 2372 422 2410 e
432 2374 538 2411 summa
549 2365 626 2413 turre
638 2352 835 2435 praetendebat.
852 2352 959 2413 Exorla
969 2370 1035 2411 vero
1049 2360 1216 2430 tempestate

152 2468 211 2516 tam
230 2478 343 2538 aspera,
358 2468 392 2516 ut
415 2455 499 2517 undis
518 2455 646 2517 Leander
665 2478 725 2517 uon
746 2457 860 2517 auderet
873 2476 933 2518 sese
949 2455 1147 2530 committere,
1166 2475 1217 2537 per

155 2562 332 2622 audaciorem
348 2575 458 2623 nautam
476 2562 547 2623 hane
566 2564 678 2625 Heroni
698 2561 857 2644 Epistulam
877 2561 984 2635 mittit,
1002 2582 1060 2641 qna
1079 2560 1171 2644 pelagi
1189 2572 1219 2621 et

155 2679 307 2727 ventorum
315 2668 447 2728 saevitiam
459 2668 578 2743 incusat,
589 2680 740 2752 rogatque,
747 2679 781 2726 ut
791 2678 900 2748 ponant
906 2667 1032 2743 tandem,
1041 2665 1087 2729 rel
1098 2667 1216 2749 spatium

154 2769 250 2830 saltem
257 2772 522 2833 concedantfretum
529 2772 695 2854 trajiciendi,
705 2773 784 2853 qnod
795 2794 853 2833 non
862 2771 981 2854 amplius
992 2770 1160 2833 stadiorum
1171 2786 1216 2831 vn

156 2874 303 2936 intervallo
328 2878 474 2959 Europam
492 2878 527 2939 ab
546 2878 613 2939 Asia
635 2878 861 2955 discriminabat,
881 2878 1005 2959 ideoque
1024 2876 1216 2961 Hepuadiaem
1272 2926 1280 2939 .

158 2980 317 3042 vocabatur.
330 3017 369 3027 —
380 2982 478 3067 virgil.
495 2984 668 3069 Georg.1n,
681 2982 757 3061 258,
771 3007 833 3066 sqq.
849 3019 889 3030 -
904 2986 974 3045 sut.
987 2983 1082 3046 Theb.
1094 3002 1140 3063 w,
1151 2982 1213 3059 542.

160 3116 199 3126 -
210 3086 312 3146 Musaei
326 3087 481 3149 Grammat.
494 3088 614 3149 Carmen
631 3088 666 3150 de
679 3090 797 3151 Herone
809 3102 838 3150 et
848 3089 990 3152 Leandro.
