2790 4696
165 277 229 344 250
489 274 749 345 EPISTOLA
781 278 887 346 XIV.

163 415 310 512 Vulgus,
328 415 474 516 Hymen,
494 415 686 517 Hymenaee,
704 434 821 490 vocant
836 447 844 491 ε
858 416 945 513 frigit
961 415 1017 492 ille
1034 437 1199 495 vocantes.

210 534 287 632 Ipsa
304 531 391 603 lovis
409 531 531 631 conjux
547 533 645 607 cessit
660 533 702 607 ab
720 533 805 606 urbe
823 560 892 607 sua.

162 651 246 723 Ecce
262 675 352 721 mero
373 646 484 734 dubii,
504 649 662 722 comitum
679 645 820 721 clamore
838 645 1045 746 frequenteS,

212 761 308 835 Flore
327 791 414 834 novo
431 761 579 837 madidas
596 763 795 863 impediente
813 789 936 851 comas,
1196 788 1226 838 3ο

163 877 202 946 ln
221 875 382 949 thalamos
397 875 480 964 laeti,
499 876 678 964 thalamos,
698 906 758 952 sua
774 878 889 965 busta,
908 874 1082 966 feruntur;

210 991 384 1091 Strataque
402 993 620 1092 corporibus,
638 993 752 1067 sunere
770 991 884 1088 digna,
905 1009 1071 1092 premunt.

161 1108 300 1206 Jamque
318 1108 394 1181 cibo
412 1109 556 1207 vinoque
574 1136 686 1203 graves
703 1136 885 1208 somnoque
903 1108 1078 1207 jacebant;

194 1335 232 1384 ²7·
252 1318 360 1383 Vulgus,
382 1317 482 1387 Hymen
492 1357 499 1382 ,
515 1318 666 1388 Ilymeuaee,
717 1317 746 1370 in
758 1317 928 1371 Gronoriano
937 1329 993 1372 erat
1003 1323 1111 1373 clamore
1116 1321 1228 1389 fremer-

161 1399 295 1446 vocaletc.
320 1394 380 1446 Non
398 1394 442 1446 abs
463 1414 491 1447 re
507 1396 608 1447 mentio
628 1395 670 1447 bic
718 1401 781 1448 les:
802 1397 830 1448 in
843 1415 897 1448 uno
917 1396 1020 1450 Heinsii
1040 1404 1147 1450 comiti:
1161 1401 1226 1453 sorte

162 1471 303 1538 Ilymeuei,
317 1472 360 1539 qui
370 1471 670 1543 cautushisnuptiispri-
718 1479 834 1527 comatum
848 1477 957 1528 clamore
969 1481 1099 1542 sequente,
1117 1477 1159 1529 vel
1170 1477 1228 1544 fte-

162 1567 236 1600 mum
253 1548 374 1603 iuventus
390 1560 444 1616 est,
461 1551 570 1623 Hygino
583 1562 667 1626 teste,
718 1557 801 1604 mente
815 1571 823 1605 .·
838 1549 883 1604 sed
895 1562 926 1606 et,
926 1552 1070 1621 frequenti,
1091 1563 1120 1605 ut
1134 1554 1228 1607 Vlitius

163 1627 669 1697 Fau.cernua—Fugaremeantes.
718 1630 836 1695 volebat,
853 1628 954 1683 admitti
968 1641 1070 1698 potest,
1089 1640 1118 1682 ut
1131 1632 1228 1699 repeti-

162 1704 205 1757 Sic
217 1715 244 1758 et
252 1705 280 1758 in
294 1705 471 1776 llletanrorpb.
486 1724 517 1773 x,
530 1708 563 1762 3:
719 1707 819 1761 tionem
832 1707 974 1778 Hymenaei
982 1707 1085 1761 indicet.
1093 1707 1229 1762 Busta.-

227 1820 251 1834 ...
264 1795 350 1846 orpheia
359 1797 489 1848 uesguiequssu
498 1810 544 1837 roes
554 1806 641 1837 secatur.

161 1867 232 1907 Adfuit
240 1869 273 1906 itte
283 1869 374 1920 quidem
384 1870 418 1908 sed
427 1883 462 1908 use
474 1871 560 1910 nunni·
569 1871 627 1911 resla-
635 1900 646 1919 ,

161 1941 203 1980 Nec
214 1942 266 1980 letos
275 1943 342 1981 vultsu
347 1970 354 1991 ,
366 1955 401 1981 nee
409 1942 456 1982 felix
464 1942 536 1982 adtulit
544 1956 600 1983 omen
607 1951 645 1983 ete.

194 2020 234 2072 28.
258 2021 319 2086 Ipsa
334 2023 407 2072 lovis
428 2022 523 2090 conjux
542 2028 623 2075 cessi!
638 2024 672 2074 ab
695 2078 697 2082 ,

160 2099 219 2149 ratde
239 2117 294 2151 sua.
316 2099 358 2152 Ab
379 2098 471 2167 argis,
491 2101 609 2167 scilicet,
627 2100 672 2153 ubi

161 2175 259 2243 nuptiae
271 2175 437 2230 celebrantur
447 2177 599 2232 Danaidum
608 2196 672 2233 cum

162 2251 271 2322 AEgypti
279 2252 349 2316 filiis;
361 2254 529 2323 quoquidern
537 2256 673 2311 toeoloea's

161 2331 255 2396 conjux
271 2330 391 2399 inprimis
410 2331 600 2401 delectabatur,
612 2333 673 2402 quia

161 2406 198 2459 ibi
218 2417 278 2459 nata
302 2409 450 2476 serebatur,
469 2409 580 2479 ideoque
599 2430 671 2464 suan

161 2487 244 2536 arbem
263 2496 339 2553 poeta
350 2489 458 2540 vocavit.
476 2515 510 2530 -·
531 2490 598 2541 Urbe
615 2504 671 2541 sua.

163 2561 289 2630 Sequitur
305 2563 361 2617 illos
379 2576 497 2620 auctores
518 2566 605 2630 Naso,
626 2565 671 2632 qui

162 2639 212 2692 lroc
224 2638 300 2709 Argis
308 2642 405 2694 sactum
417 2662 470 2696 esse
483 2653 592 2701 narrant
603 2661 610 2694 :
620 2642 671 2695 vid.

164 2716 263 2786 Hygin.
276 2718 337 2768 Fab.
354 2719 414 2781 1683
427 2730 453 2770 et
466 2719 600 2772 Scholiast.
610 2720 672 2772 AEs·

162 2792 230 2863 cbyli
241 2795 331 2847 Prom.
343 2796 399 2846 852.
415 2796 469 2848 Sed
487 2797 625 2863 Libanius,
642 2799 670 2851 in

163 2871 356 2924 narrationibus
366 2873 398 2925 ab
410 2871 505 2926 atarto
515 2873 605 2940 editis,
616 2895 672 2944 cap.

165 2964 243 3014 xxrr,
255 2948 317 3002 dicit
334 2948 458 3002 Danaum
474 2960 533 3019 post
545 2950 595 3005 boc
605 2972 672 3021 per-

163 3037 296 3096 petratum
307 3027 406 3081 lacinus
418 3029 511 3096 fugisse
522 3067 528 3094 ,
540 3040 567 3082 et
575 3030 602 3082 in
613 3031 672 3084 Pe-

162 3106 337 3174 loponnesum
346 3104 494 3172 advectum,
503 3107 616 3176 potitum
624 3108 674 3162 Ar-

165 3183 224 3252 giro
234 3201 324 3253 regno.
335 3183 433 3237 Burin.

718 1787 787 1838 Ecce
798 1804 865 1837 mem
878 1787 953 1837 dato·
961 1795 1009 1837 etc.
1026 1785 1119 1837 lllente
1130 1782 1229 1836 scilicet

719 1872 746 1916 et
757 1880 884 1931 corpore,
904 1872 931 1916 et
951 1863 1082 1934 utriusque
1095 1863 1150 1930 jam
1169 1876 1227 1915 nou

719 1940 778 1995 satis
792 1949 925 2009 compotes
937 1958 944 1993 :
955 1941 1023 1993 inter
1036 1937 1192 1999 ebrietatem
1201 1948 1227 1991 et

721 2017 896 2072 ebriositatem
909 2017 997 2072 medii.
1006 2018 1228 2070 -Come'tuaeclm

720 2097 939 2164 molestequeutes,
950 2115 1008 2164 pro,
1017 2113 1071 2147 non
1079 2094 1134 2147 siue
1144 2093 1227 2149 mutto

720 2181 836 2226 constane
848 2178 975 2239 clamatu
987 2174 1033 2226 etsi
1044 2173 1120 2243 paulo
1128 2172 1228 2227 dictum

720 2252 842 2307 audacius
855 2252 991 2320 hunepio
1002 2251 1138 2316 videatur,
1156 2268 1226 2320 prn-

719 2330 861 2385 serendum
879 2341 967 2387 tamen
985 2329 1113 2382 existimat
1133 2327 1228 2381 erudi-.

720 2417 809 2460 torum
820 2408 937 2460 virorum
949 2407 1107 2474 conjecturis
1119 2425 1183 2474 quas
1194 2405 1226 2459 al.

719 2487 771 2538 sert
779 2487 961 2540 'Burmannus

752 2565 794 2618 ds,
808 2565 839 2616 Its
846 2565 1037 2625 thalassomeli,
1046 2563 1175 2613 thalamos
1181 2570 1228 2615 ele.

719 2636 1070 2697 Nonsiuecausaverbohuic
1078 2637 1157 2688 instat
1165 2655 1229 2704 poe-

720 2728 755 2783 ta,
763 2719 823 2785 quis
831 2717 908 2784 longe
915 2716 972 2780 alia,
983 2732 1061 2782 quam
1066 2714 1142 2778 solet,
1152 2716 1230 2786 Lyn·

719 2812 795 2849 ceum
807 2805 834 2847 et
846 2795 937 2847 fratres
948 2794 975 2845 in
986 2795 1172 2846 remansissem
1184 2813 1230 2847 es-

719 2872 842 2943 pectabat
855 2897 889 2912 -·
909 2868 966 2923 Cur
977 2879 1065 2922 autern
1076 2888 1108 2921 ea
1120 2868 1229 2940 Lynceo

719 2962 808 3005 meret
826 2950 1051 3022 Hypermnestra,
1069 2967 1127 3016 quae
1141 2949 1227 3017 ipsum

719 3039 788 3084 certe
799 3046 854 3081 non
867 3029 998 3097 lugerent,
1009 3037 1093 3096 poeta:
1100 3025 1227 3080 concedas

720 3104 869 3170 uberrimo,
883 3104 927 3171 qui
937 3101 1101 3156 describendi
1113 3101 1226 3155 occasio·

626 3228 628 3232 Α
719 3200 782 3237 nem
796 3192 903 3247 nactus,
917 3181 983 3234 elabi
998 3199 1053 3233 non
1069 3179 1160 3231 voluit.

196 3282 236 3334 aq.
249 3265 362 3315 Clam
367 3261 522 3330 frequentes.
532 3263 626 3319 Nescio
638 3283 672 3317 an
750 3261 790 3312 32.
806 3261 939 3328 Stmthue
949 3261 1099 3327 corpon'bus.
1120 3256 1152 3309 ln
1172 3273 1227 3309 uno

164 3359 227 3401 sana
241 3340 295 3394 baec
305 3342 372 3408 sint,
388 3351 415 3394 et
423 3360 456 3394 an
467 3340 547 3395 latine
555 3341 672 3411 dicatur,
718 3338 936 3405 Moreti,sunem
948 3358 957 3390 .·
969 3339 997 3389 in
1009 3335 1164 3398 Basileensi,
1172 3334 1227 3403 [ι-

157 3421 305 3491 frequenlcs
313 3426 422 3475 clamore
431 3428 556 3475 camelum.
568 3423 673 3476 Huber·
719 3421 818 3469 mribus
834 3435 933 3484 corpore
944 3418 1029 3482 ltitw·
1046 3414 1125 3465 Forle
1139 3432 1146 3465 ἱ

165 3500 235 3554 tinus
244 3503 358 3571 exponit,
367 3500 672 3563 densatietcircumdati:
742 3499 1202 3554 ⁵¹³¹·sfflw‘il’s*wesdis-emutat

164 3578 674 3649 sederemplatalislocutionisdesideros
719 3568 1229 3643 Premuntcorporestrata,quaedictaet
1278 3646 1280 3650 Α

166 3674 229 3708 narn
237 3658 307 3724 quod
319 3659 414 3728 legitur
426 3677 469 3725 vr,
489 3659 599 3712 Metam.
610 3658 674 3711 155:
719 3656 847 3711 destinata
856 3664 932 3709 erant
941 3670 1034 3706 eorum
1041 3648 1185 3702 funeribus
1196 3646 1227 3699 B.

168 3735 290 3787 &mitum
307 3737 388 3789 Aiobe
405 3741 565 3789 celeberrima
580 3739 671 3798 larba,
727 3772 730 3777 -
752 3735 793 3788 33.
807 3737 914 3801 Jamque
926 3735 997 3793 cido,
1015 3735 1121 3796 miroque
1129 3744 1229 3793 graves.

168 3808 218 3861 boc
234 3822 303 3863 recte
319 3824 404 3879 posset
415 3814 542 3884 explicari.
562 3814 674 3867 Vlitium
720 3811 824 3868 Dicitru·
835 3810 907 3865 enim
918 3808 1026 3863 Danaus
1038 3808 1131 3877 pocula
1143 3821 1229 3874 sopo—

166 3885 209 3938 bic
222 3904 327 3954 quoque
348 3888 448 3945 haesisse
466 3901 592 3961 apparet,
613 3892 675 3960 quia
720 3890 799 3943 rifero
821 3886 994 3942 medicamine
1013 3888 1148 3953 infecisse,
1174 3901 1227 3954 quo

166 3962 241 4016 ittum
259 3963 368 4018 voluisse
389 3967 538 4037 reiungere,
557 3974 674 4023 comitum
720 3964 831 4036 graviori
846 3984 940 4018 somno
954 3983 1088 4035 oppressos
1102 3965 1226 4032 conjuges

167 4044 275 4096 clamore
277 4039 417 4111 frequenti,
424 4047 525 4101 neunt
536 4046 673 4101 Heinsius:
720 4044 779 4099 filiae
793 4042 890 4099 facilius
901 4043 1114 4113 aggrederentur.
1124 4043 1228 4111 legeu-
