2790 4696
445 306 680 374 unisone
708 307 928 375 russeo.
1157 276 1218 398 199

202 445 378 522 Destitnor
394 442 520 517 rabidis
537 443 647 544 prada
663 444 824 544 cibusque
840 444 927 518 feris.

161 562 234 637 Sive
251 558 368 636 colunt
382 557 599 656 habitantque
617 557 694 644 viri,
714 556 894 631 diffidimus
908 556 997 631 illis:

207 678 372 750 Externos
388 669 488 743 didici
506 668 583 744 laesa
600 671 713 745 timere
730 672 830 743 viros.

160 791 294 865 Viveret
305 784 503 880 Androgeos
516 785 663 858 utinam!
681 812 741 859 nec
761 784 846 857 facta
862 782 980 858 luisses

209 903 315 1005 Impia
328 901 515 988 funeribus,
536 900 677 1000 Cecropi
691 918 792 988 terra,
812 899 894 972 tuis!
1174 937 1219 973 100

162 1021 231 1094 Nec
247 1035 304 1091 tua
318 1032 492 1089 mactasset
508 1014 638 1086 nodoso
651 1013 781 1114 stipite,
799 1013 950 1101 Theseu,

209 1129 325 1205 Ardua
338 1146 432 1231 parte
448 1127 555 1201 virum
572 1127 720 1214 dextera,
736 1144 827 1228 parte
842 1127 979 1200 bovem!

160 1247 229 1322 Nee
247 1246 328 1331 tibi,
349 1272 421 1344 quae
436 1242 563 1316 reditus
580 1260 816 1329 monstrarent,
833 1241 888 1315 fila
905 1241 1082 1329 dedissem,

207 1360 281 1436 Fila
296 1389 357 1462 per
371 1358 528 1433 adductas
545 1387 630 1459 sape
647 1376 778 1458 recepta
795 1361 933 1432 manus!

160 1577 259 1649 pentis,
271 1575 401 1631 Centauri
410 1586 458 1629 ete.
468 1575 532 1645 fingi
544 1587 669 1643 noverat,
720 1576 810 1631 cidisse
822 1577 893 1629 bunc
909 1587 980 1630 ratus
997 1576 1161 1630 librariorum
1174 1575 1225 1628 ali-

161 1656 289 1710 inanimo
300 1655 391 1708 babuit
403 1655 514 1707 alterum
527 1654 616 1708 Ovidii
629 1655 671 1706 lo-
720 1653 794 1721 quis,
812 1672 860 1723 pro
873 1653 1022 1719 Ovidiano,
1036 1673 1115 1722 quem
1130 1670 1227 1722 reprae-

162 1732 670 1802 eum,Met11,78,sqqubiomniasere
719 1742 821 1786 sentare
840 1751 895 1785 non
920 1741 1039 1800 poterat,
1058 1749 1136 1784 suum
1151 1728 1226 1783 nobis

161 1812 204 1866 itta
219 1811 358 1866 simulacra
374 1821 479 1862 enarrat
496 1829 502 1860 :
520 1808 566 1862 sed
584 1809 671 1860 neseio
719 1809 792 1861 illum
804 1808 962 1862 venditavit:

164 1888 406 1960 quidgpuriietnon
413 1886 537 1940 Ouidiani
545 1897 622 1939 sonet
630 1885 671 1938 hic
719 1895 791 1931 ratim
801 1892 895 1939 raith-13
906 1893 964 1931 timeo
973 1892 1075 1929 simonen
1083 1894 1176 1931 Deorum

165 1984 254 2021 versus
267 2006 274 2033 ,
295 1966 340 2035 qui
356 1966 425 2018 sorte
442 1984 457 2016 a
468 1963 546 2017 sciolo
558 1963 672 2033 quodam
720 1966 761 2018 Ut
767 1965 846 2031 hune,
856 1965 890 2017 ita
901 1973 1056 2033 sequentem
1068 1962 1225 2032 ejiciendum

166 2060 199 2095 ex
208 2042 363 2095 centonibus
373 2039 608 2094 aliundeeonsutus
619 2049 672 2104 est,
718 2043 838 2096 censebat
854 2052 944 2095 auctor
962 2041 1044 2096 Eleet.
1062 2041 1142 2094 Eton.
1159 2041 1225 2094 Hae

168 2127 210 2183 et,
226 2128 332 2187 utoepe
347 2118 421 2184 alibi,
433 2117 567 2171 confictus.
581 2115 672 2184 Quare
720 2121 838 2189 Lennep.

167 2204 234 2265 puto
243 2195 356 2263 eiectum
367 2205 393 2249 et
404 2196 461 2249 loeo
471 2206 573 2247 motum
580 2193 674 2264 genui·
749 2198 789 2270 96.
807 2199 917 2265 Rapido
923 2198 1012 2263 preda
1022 2199 1137 2266 cibusque
1145 2195 1221 2265 fitis.

167 2288 236 2321 mma
245 2288 367 2337 versum,
383 2271 427 2340 qui
438 2270 558 2339 sequenti
575 2277 673 2338 penta-
720 2277 829 2327 Rabidr's
837 2273 1035 2344 Argentiuensis
1046 2274 1096 2328 :sie
1103 2274 1173 2328 idem
1184 2295 1225 2328 eo·

168 2358 256 2403 metro
271 2349 353 2419 aptius
360 2348 502 2412 eobaereat3
516 2345 673 2401 continuisse
720 2351 769 2406 dex
788 2352 908 2421 sequenti
931 2352 1065 2422 Epistola,
1086 2356 1228 2406 rabidarum

167 2432 233 2481 vero
242 2426 314 2482 bunc
323 2446 427 2481 senamn
440 2428 510 2481 :sive
523 2426 625 2478 deserta
635 2433 675 2476 est
716 2431 802 2498 preda
810 2430 923 2497 serarum
936 2450 943 2481 .-
958 2429 1003 2482 ubi
1014 2429 1070 2499 pari
1084 2428 1165 2482 modo
1177 2449 1228 2483 va·-

168 2516 198 2559 et
220 2505 310 2560 ineolis
332 2525 429 2572 vacua,
449 2509 574 2557 destituor
588 2503 675 2570 prada
720 2509 789 2562 riant
805 2507 905 2562 codices
919 2508 1000 2562 MSS.
1016 2510 1125 2577 Rapido
1137 2519 1226 2562 tamen

160 2583 231 2651 sm?
239 2599 250 2647 ί
275 2584 328 2636 ⁵3¹0
351 2583 439 2636 mlum
459 2581 675 2649 vlri‚d1'slfdt'¹t¹⁸⁸
720 2583 1227 2655 semprorapaeibusdicteridenturll.

165 2663 225 2715 attis.
237 2661 373 2714 Bou-
381 2660 491 2714 Nullum
499 2658 605 2728 quidem
615 2677 676 2709 ver-
753 2683 793 2736 qq
817 2666 916 2715 Wiere!
932 2661 1094 2730 Androgeos!
1114 2663 1227 2733 Longius

165 2758 223 2793 sum
241 2739 300 2793 loeo
319 2749 425 2792 motum
443 2748 531 2792 censet
549 2737 674 2806 Lennep;
721 2740 846 2810 repetita,
859 2760 933 2794 more
949 2741 1090 2808 muliebri,
1107 2741 1228 2794 dolorum

167 2816 210 2871 ted
220 2819 307 2889 potius
313 2817 472 2871 duotemere
480 2818 593 2870 invectos
599 2816 675 2868 luisse
721 2838 803 2873 cuttsa.
822 2820 851 2873 Si
867 2821 940 2873 enim
952 2818 1129 2890 Androgeona
1144 2819 1228 2873 Athe-

167 2894 322 2961 arbitratum
335 2894 464 2949 Ovidium
476 2905 564 2947 autem
575 2893 610 2946 sie
621 2892 674 2946 de·
721 2897 824 2950 ruienses
836 2916 883 2967 per
900 2897 1025 2950 iuvidiam
1042 2917 1097 2950 non
1118 2894 1230 2950 occidis-

169 2973 253 3028 slisset
721 2983 795 3040 sent,
813 2992 868 3027 non
879 2975 1003 3046 coegisset
1019 2974 1123 3038 Minos,
1136 2981 1167 3023 ut

168 3064 261 3110 Ειιιι,
271 3065 288 3102 si
296 3072 371 3111 urens,
384 3071 509 3114 porrectoque
519 3062 575 3101 litora
584 3061 639 3108 vidi,
943 3066 1025 3115 Septem
1036 3072 1085 3114 quot
1093 3059 1149 3099 nni·

191 3134 294 3175 notitam
304 3135 378 3187 rapidis
387 3135 451 3186 preda
461 3135 555 3186 cibusque
563 3134 622 3172 seris:
722 3136 806 3187 Corpora
816 3145 905 3175 natorum
989 3134 1094 3183 (Enna.
1104 3130 1208 3178 v11,st.)

171 3206 433 3259 ΕΙΝΟῙΒῌΙΗΜΙΨ
442 3208 494 3255 viri,
506 3206 674 3256 diffidimuslllitj
723 3209 876 3262 Minotauro
894 3206 1010 3276 POEdam
1026 3204 1179 3264 Inlilestni}
1202 3212 1229 3254 ει

196 3278 293 3319 ¹⁸¹⁸*
300 3278 358 3316 Μ
365 3279 408 3319 ¹⁸⁸·
417 3280 484 3317 ''¹¹⁰²'‘
494 3280 553 3318 '³¹⁰¹‘
723 3287 759 3339 sic
767 3285 884 3338 Theseus
891 3300 1028 3351 nunquam
1037 3282 1063 3333 in
1075 3278 1183 3333 Cretam
1190 3298 1231 3331 ve·

174 3362 215 3417 Ut
224 3362 257 3416 sit
269 3380 357 3418 sensus
373 3384 452 3434 quern
466 3365 612 3417 Burmann.
624 3381 676 3414 ro-
723 3362 803 3415 nisset
815 3371 862 3414 etc.
874 3360 1004 3430 Longius,
1026 3356 1150 3426 inquam,
1163 3357 1231 3425 peti·

168 3436 227 3493 luit.
247 3438 337 3508 Quam
359 3440 448 3494 Ovidii
468 3451 585 3494 mentem
606 3438 676 3492 baud
724 3450 797 3504 tum;
810 3457 859 3492 nec
871 3439 906 3491 ita
920 3438 1057 3501 verbosus,
1079 3434 1230 3502 quiverus,

169 3517 229 3573 satis
239 3518 306 3572 sorte
320 3519 348 3572 in
360 3520 470 3590 legendo
489 3519 595 3588 quidam
609 3536 678 3570 asse-
724 3518 800 3571 dolor
812 3537 819 3570 :
831 3521 931 3584 stupe&
944 3518 1054 3583 loquetur
1060 3513 1129 3567 levis.
1138 3515 1232 3569 -Nec

169 3609 258 3666 subu,
278 3596 312 3650 ad
328 3599 472 3652 seeundum
486 3616 608 3662 versum,
629 3613 677 3664 pro
718 3597 797 3666 sescla
814 3598 912 3647 luisses.
935 3594 1002 3644 Fata
1013 3594 1124 3653 tulisset,
1139 3591 1232 3645 Putea·

170 3675 239 3729 saria
255 3675 383 3744 lectione,
402 3679 442 3730 sui
460 3676 534 3729 nobis
552 3674 623 3728 bunc
640 3673 678 3726 in·
726 3670 1054 3739 neus;alii,firtalurtses,
1068 3668 1234 3723 veltulisses:

174 3751 242 3821 genii
255 3753 368 3820 loetum,
724 3750 770 3805 sed
782 3748 819 3802 nil
830 3759 912 3800 muto.
936 3747 1035 3800 Heres.

195 3838 261 3878 stetu
268 3840 395 3887 mutem,
416 3843 476 3879 minu
489 3840 667 3891 minantemque,
762 3847 816 3882 roa.
837 3831 915 3881 Parte
930 3829 1034 3879 virum..
1052 3833 1127 3894 parte
1142 3830 1233 3881 bovem.

173 3913 283 3983 margini
300 3913 447 3984 adscripsit;
472 3913 541 3967 unde
556 3912 678 3982 quumin
727 3908 1145 3972 Minotaurum,monumentum
1162 3905 1231 3960 istud

173 3998 272 4044 textum
279 3992 432 4061 irrepsisset,
443 3992 528 4061 sicque
538 3991 603 4045 alter
614 3998 680 4044 esset
727 3987 843 4056 nefanda
859 3988 969 4038 Veneris.

175 4078 338 4134 pentameter
362 4069 418 4123 sine
439 4069 607 4137 hexametro,
629 4087 678 4122 ex·
763 4063 1235 4158 104.li'laperaddsctassaeperscepta
