<?xml version="1.0" encoding="UTF-8"?>
<!DOCTYPE html PUBLIC "-//W3C//DTD XHTML 1.0 Transitional//EN"
    "http://www.w3.org/TR/xhtml1/DTD/xhtml1-transitional.dtd">
<html xmlns="http://www.w3.org/1999/xhtml" xml:lang="en" lang="en">
 <head>
  <title>
</title>
<meta http-equiv="Content-Type" content="text/html;charset=utf-8" />
  <meta name='ocr-system' content='tesseract 3.04.00' />
  <meta name='ocr-capabilities' content='ocr_page ocr_carea ocr_par ocr_line ocrx_word'/>
</head>
<body>
  <div class='ocr_page' id='page_1' title='image "./publiiovidiinas06massgoog/publiiovidiinas06massgoog_0353.png"; bbox 0 0 2790 4696; ppageno 0'>
   <div class='ocr_carea' id='block_1_1' title="bbox 447 403 1218 481">
    <p class='ocr_par' dir='ltr' id='par_1_1' title="bbox 447 403 1218 481">
     <span class='ocr_line' id='line_1_1' title="bbox 447 403 1218 481; baseline 0.01 -8"><span class='ocrx_word' id='word_1_1' title='bbox 447 403 692 478; x_wconf 84' lang='lat' dir='ltr'><strong>LEANDER</strong></span> <span class='ocrx_word' id='word_1_2' title='bbox 721 406 936 479; x_wconf 83' lang='lat' dir='ltr'><strong>HERONI.</strong></span> <span class='ocrx_word' id='word_1_3' title='bbox 1157 414 1218 481; x_wconf 81' lang='lat'><strong>331</strong></span> 
     </span>
    </p>
   </div>
   <div class='ocr_carea' id='block_1_2' title="bbox 162 538 1226 3525">
    <p class='ocr_par' dir='ltr' id='par_1_2' title="bbox 164 538 1118 761">
     <span class='ocr_line' id='line_1_2' title="bbox 164 538 1118 649; baseline 0.012 -38"><span class='ocrx_word' id='word_1_4' title='bbox 164 538 398 613; x_wconf 75' lang='lat' dir='ltr'><strong>&#39;Adscensurus</strong></span> <span class='ocrx_word' id='word_1_5' title='bbox 415 569 519 630; x_wconf 85' lang='lat' dir='ltr'><strong>eram,</strong></span> <span class='ocrx_word' id='word_1_6' title='bbox 534 545 600 617; x_wconf 87' lang='lat' dir='ltr'><strong>nisi</strong></span> <span class='ocrx_word' id='word_1_7' title='bbox 617 543 728 645; x_wconf 85' lang='lat' dir='ltr'><strong>quod,</strong></span> <span class='ocrx_word' id='word_1_8' title='bbox 746 575 848 646; x_wconf 90' lang='lat' dir='ltr'><strong>quum</strong></span> <span class='ocrx_word' id='word_1_9' title='bbox 865 546 997 620; x_wconf 85' lang='lat' dir='ltr'><strong>vincula</strong></span> <span class='ocrx_word' id='word_1_10' title='bbox 1011 576 1118 649; x_wconf 84' lang='lat' dir='ltr'><strong>prorae</strong></span> 
     </span>
     <span class='ocr_line' id='line_1_3' title="bbox 214 653 969 761; baseline 0.008 -33"><span class='ocrx_word' id='word_1_11' title='bbox 214 653 378 744; x_wconf 81' lang='lat' dir='ltr'>Solveret,</span> <span class='ocrx_word' id='word_1_12' title='bbox 396 656 432 729; x_wconf 94' lang='lat' dir='ltr'><strong>in</strong></span> <span class='ocrx_word' id='word_1_13' title='bbox 448 657 591 758; x_wconf 83' lang='lat' dir='ltr'><strong>speculis</strong></span> <span class='ocrx_word' id='word_1_14' title='bbox 610 661 717 733; x_wconf 91' lang='lat' dir='ltr'><strong>omnis</strong></span> <span class='ocrx_word' id='word_1_15' title='bbox 734 661 874 761; x_wconf 81' lang='lat' dir='ltr'><strong>Abydos</strong></span> <span class='ocrx_word' id='word_1_16' title='bbox 891 680 969 736; x_wconf 87' lang='lat' dir='ltr'><strong>erat.</strong></span> 
     </span>
    </p>

    <p class='ocr_par' dir='ltr' id='par_1_3' title="bbox 164 772 1067 989">
     <span class='ocr_line' id='line_1_4' title="bbox 164 772 1067 879; baseline 0.008 -33"><span class='ocrx_word' id='word_1_17' title='bbox 164 772 242 846; x_wconf 83' lang='lat' dir='ltr'><strong>Non</strong></span> <span class='ocrx_word' id='word_1_18' title='bbox 259 789 410 873; x_wconf 88' lang='lat' dir='ltr'><strong>poteram</strong></span> <span class='ocrx_word' id='word_1_19' title='bbox 427 772 530 863; x_wconf 83' lang='lat' dir='ltr'><strong>celare</strong></span> <span class='ocrx_word' id='word_1_20' title='bbox 548 803 656 862; x_wconf 89' lang='lat' dir='ltr'><strong>meos,</strong></span> <span class='ocrx_word' id='word_1_21' title='bbox 674 774 765 848; x_wconf 87' lang='lat' dir='ltr'><strong>velut</strong></span> <span class='ocrx_word' id='word_1_22' title='bbox 782 794 873 865; x_wconf 86' lang='lat' dir='ltr'><strong>ante,</strong></span> <span class='ocrx_word' id='word_1_23' title='bbox 892 795 1067 879; x_wconf 85' lang='lat' dir='ltr'><strong>parentes:</strong></span> 
     </span>
     <span class='ocr_line' id='line_1_5' title="bbox 213 888 1030 989; baseline 0.006 -28"><span class='ocrx_word' id='word_1_24' title='bbox 213 888 389 989; x_wconf 84' lang='lat' dir='ltr'><strong>Quemque</strong></span> <span class='ocrx_word' id='word_1_25' title='bbox 408 891 475 983; x_wconf 83' lang='lat' dir='ltr'><strong>tegi</strong></span> <span class='ocrx_word' id='word_1_26' title='bbox 491 889 658 979; x_wconf 84' lang='lat' dir='ltr'><strong>volumus,</strong></span> <span class='ocrx_word' id='word_1_27' title='bbox 678 919 748 963; x_wconf 90' lang='lat' dir='ltr'><strong>non</strong></span> <span class='ocrx_word' id='word_1_28' title='bbox 763 889 914 967; x_wconf 88' lang='lat' dir='ltr'><strong>latuisset</strong></span> <span class='ocrx_word' id='word_1_29' title='bbox 930 923 1030 968; x_wconf 84' lang='lat' dir='ltr'><strong>arnor.</strong></span> 
     </span>
    </p>

    <p class='ocr_par' dir='ltr' id='par_1_4' title="bbox 164 1001 1224 1220">
     <span class='ocr_line' id='line_1_6' title="bbox 164 1001 1224 1094; baseline 0.006 -18"><span class='ocrx_word' id='word_1_30' title='bbox 164 1001 326 1076; x_wconf 85' lang='lat' dir='ltr'><strong>Protinus</strong></span> <span class='ocrx_word' id='word_1_31' title='bbox 342 1003 412 1076; x_wconf 77' lang='lat' dir='ltr'><strong>bare</strong></span> <span class='ocrx_word' id='word_1_32' title='bbox 429 1004 592 1093; x_wconf 86' lang='lat' dir='ltr'><strong>scribens,</strong></span> <span class='ocrx_word' id='word_1_33' title='bbox 615 1038 632 1070; x_wconf 89' lang='lat'>«</span> <span class='ocrx_word' id='word_1_34' title='bbox 648 1002 744 1091; x_wconf 81' lang='lat' dir='ltr'><strong>felix,</strong></span> <span class='ocrx_word' id='word_1_35' title='bbox 763 1005 791 1092; x_wconf 87' lang='lat' dir='ltr'><strong>i,</strong></span> <span class='ocrx_word' id='word_1_36' title='bbox 808 1004 917 1094; x_wconf 86' lang='lat' dir='ltr'><strong>litera,</strong></span> <span class='ocrx_word' id='word_1_37' title='bbox 937 1007 1028 1081; x_wconf 82' lang='lat' dir='ltr'>dixi:</span> <span class='ocrx_word' id='word_1_38' title='bbox 1195 1032 1224 1082; x_wconf 79' lang='lat'><strong>1⁵</strong></span> 
     </span>
     <span class='ocr_line' id='line_1_7' title="bbox 212 1117 963 1220; baseline 0.011 -30"><span class='ocrx_word' id='word_1_39' title='bbox 212 1119 286 1191; x_wconf 83' lang='lat' dir='ltr'><strong>Jam</strong></span> <span class='ocrx_word' id='word_1_40' title='bbox 303 1118 366 1192; x_wconf 93' lang='lat' dir='ltr'><strong>tibi</strong></span> <span class='ocrx_word' id='word_1_41' title='bbox 383 1117 562 1193; x_wconf 86' lang='lat' dir='ltr'><strong>formosam</strong></span> <span class='ocrx_word' id='word_1_42' title='bbox 578 1121 730 1220; x_wconf 80' lang='lat' dir='ltr'><strong>porriget</strong></span> <span class='ocrx_word' id='word_1_43' title='bbox 746 1120 804 1195; x_wconf 89' lang='lat' dir='ltr'><strong>illa</strong></span> <span class='ocrx_word' id='word_1_44' title='bbox 819 1150 963 1198; x_wconf 78' lang='lat' dir='ltr'><strong>manum.</strong></span> 
     </span>
    </p>

    <p class='ocr_par' dir='ltr' id='par_1_5' title="bbox 164 1233 1003 1449">
     <span class='ocr_line' id='line_1_8' title="bbox 164 1233 905 1330; baseline 0.008 -24"><span class='ocrx_word' id='word_1_45' title='bbox 164 1233 318 1306; x_wconf 86' lang='lat' dir='ltr'><strong>Forsitan</strong></span> <span class='ocrx_word' id='word_1_46' title='bbox 335 1233 476 1307; x_wconf 87' lang='lat' dir='ltr'><strong>admotis</strong></span> <span class='ocrx_word' id='word_1_47' title='bbox 493 1236 592 1309; x_wconf 84' lang='lat' dir='ltr'><strong>etiam</strong></span> <span class='ocrx_word' id='word_1_48' title='bbox 611 1253 741 1330; x_wconf 85' lang='lat' dir='ltr'><strong>tangere</strong></span> <span class='ocrx_word' id='word_1_49' title='bbox 759 1235 905 1327; x_wconf 88' lang='lat' dir='ltr'><strong>labellis,</strong></span> 
     </span>
     <span class='ocr_line' id='line_1_9' title="bbox 213 1350 1003 1449; baseline -0.003 -26"><span class='ocrx_word' id='word_1_50' title='bbox 213 1350 379 1449; x_wconf 82' lang='lat' dir='ltr'>Rumpere</span> <span class='ocrx_word' id='word_1_51' title='bbox 398 1350 477 1423; x_wconf 92' lang='lat' dir='ltr'><strong>dnm</strong></span> <span class='ocrx_word' id='word_1_52' title='bbox 493 1352 590 1424; x_wconf 89' lang='lat' dir='ltr'><strong>niveo</strong></span> <span class='ocrx_word' id='word_1_53' title='bbox 606 1351 737 1425; x_wconf 79' lang='lat' dir='ltr'><strong>vincula</strong></span> <span class='ocrx_word' id='word_1_54' title='bbox 755 1352 850 1427; x_wconf 92' lang='lat' dir='ltr'><strong>dente</strong></span> <span class='ocrx_word' id='word_1_55' title='bbox 868 1353 966 1428; x_wconf 86' lang='lat' dir='ltr'><strong>volet.</strong></span> <span class='ocrx_word' id='word_1_56' title='bbox 986 1390 1003 1421; x_wconf 84' lang='lat'>»</span> 
     </span>
    </p>

    <p class='ocr_par' dir='ltr' id='par_1_6' title="bbox 164 1462 1226 1658">
     <span class='ocr_line' id='line_1_10' title="bbox 164 1462 987 1560; baseline 0.009 -23"><span class='ocrx_word' id='word_1_57' title='bbox 164 1462 304 1539; x_wconf 85' lang='lat' dir='ltr'><strong>Talibus</strong></span> <span class='ocrx_word' id='word_1_58' title='bbox 322 1465 442 1560; x_wconf 80' lang='lat' dir='ltr'><strong>exiguo</strong></span> <span class='ocrx_word' id='word_1_59' title='bbox 461 1467 557 1540; x_wconf 91' lang='lat' dir='ltr'><strong>dictis</strong></span> <span class='ocrx_word' id='word_1_60' title='bbox 574 1467 657 1539; x_wconf 92' lang='lat' dir='ltr'><strong>mibi</strong></span> <span class='ocrx_word' id='word_1_61' title='bbox 673 1497 840 1544; x_wconf 87' lang='lat' dir='ltr'><strong>murmure</strong></span> <span class='ocrx_word' id='word_1_62' title='bbox 857 1471 987 1558; x_wconf 81' lang='lat' dir='ltr'><strong>verbis3</strong></span> 
     </span>
     <span class='ocr_line' id='line_1_11' title="bbox 215 1580 1226 1658; baseline 0.005 -5"><span class='ocrx_word' id='word_1_63' title='bbox 215 1580 332 1653; x_wconf 81' lang='lat' dir='ltr'><strong>Cetera</strong></span> <span class='ocrx_word' id='word_1_64' title='bbox 349 1608 424 1653; x_wconf 87' lang='lat' dir='ltr'><strong>eum</strong></span> <span class='ocrx_word' id='word_1_65' title='bbox 442 1581 554 1654; x_wconf 85' lang='lat' dir='ltr'><strong>charta</strong></span> <span class='ocrx_word' id='word_1_66' title='bbox 571 1581 685 1656; x_wconf 84' lang='lat' dir='ltr'><strong>dextra</strong></span> <span class='ocrx_word' id='word_1_67' title='bbox 700 1580 810 1657; x_wconf 84' lang='lat' dir='ltr'><strong>locuta</strong></span> <span class='ocrx_word' id='word_1_68' title='bbox 826 1613 897 1657; x_wconf 85' lang='lat' dir='ltr'><strong>mea</strong></span> <span class='ocrx_word' id='word_1_69' title='bbox 914 1602 974 1657; x_wconf 86' lang='lat' dir='ltr'><strong>est.</strong></span> <span class='ocrx_word' id='word_1_70' title='bbox 1193 1624 1226 1658; x_wconf 76' lang='lat'><strong>20</strong></span> 
     </span>
    </p>

    <p class='ocr_par' dir='ltr' id='par_1_7' title="bbox 165 1696 1091 1914">
     <span class='ocr_line' id='line_1_12' title="bbox 165 1696 1091 1799; baseline 0.003 -31"><span class='ocrx_word' id='word_1_71' title='bbox 165 1696 238 1769; x_wconf 81' lang='lat' dir='ltr'><strong>Ab!</strong></span> <span class='ocrx_word' id='word_1_72' title='bbox 258 1713 385 1797; x_wconf 86' lang='lat' dir='ltr'><strong>quanto</strong></span> <span class='ocrx_word' id='word_1_73' title='bbox 401 1696 549 1785; x_wconf 85' lang='lat' dir='ltr'><strong>mallem,</strong></span> <span class='ocrx_word' id='word_1_74' title='bbox 569 1726 668 1799; x_wconf 90' lang='lat' dir='ltr'><strong>quam</strong></span> <span class='ocrx_word' id='word_1_75' title='bbox 684 1698 859 1785; x_wconf 84' lang='lat' dir='ltr'><strong>scriberet,</strong></span> <span class='ocrx_word' id='word_1_76' title='bbox 879 1697 935 1771; x_wconf 85' lang='lat' dir='ltr'><strong>illa</strong></span> <span class='ocrx_word' id='word_1_77' title='bbox 950 1717 1091 1787; x_wconf 81' lang='lat' dir='ltr'><strong>nataret,</strong></span> 
     </span>
     <span class='ocr_line' id='line_1_13' title="bbox 214 1812 968 1914; baseline 0 -27"><span class='ocrx_word' id='word_1_78' title='bbox 214 1814 338 1913; x_wconf 88' lang='lat' dir='ltr'><strong>Meque</strong></span> <span class='ocrx_word' id='word_1_79' title='bbox 355 1842 415 1914; x_wconf 92' lang='lat' dir='ltr'><strong>per</strong></span> <span class='ocrx_word' id='word_1_80' title='bbox 432 1812 583 1888; x_wconf 85' lang='lat' dir='ltr'><strong>adsuetas</strong></span> <span class='ocrx_word' id='word_1_81' title='bbox 600 1812 714 1887; x_wconf 88' lang='lat' dir='ltr'><strong>sedula</strong></span> <span class='ocrx_word' id='word_1_82' title='bbox 730 1814 830 1887; x_wconf 79' lang='lat' dir='ltr'><strong>ferret</strong></span> <span class='ocrx_word' id='word_1_83' title='bbox 846 1817 968 1914; x_wconf 82' lang='lat' dir='ltr'><strong>aquas!</strong></span> 
     </span>
    </p>

    <p class='ocr_par' dir='ltr' id='par_1_8' title="bbox 165 1927 1049 2144">
     <span class='ocr_line' id='line_1_14' title="bbox 165 1927 1049 2030; baseline -0.001 -27"><span class='ocrx_word' id='word_1_84' title='bbox 165 1929 289 2030; x_wconf 84' lang='lat' dir='ltr'><strong>Aptior</strong></span> <span class='ocrx_word' id='word_1_85' title='bbox 305 1927 363 2001; x_wconf 92' lang='lat' dir='ltr'><strong>illa</strong></span> <span class='ocrx_word' id='word_1_86' title='bbox 381 1928 514 2029; x_wconf 88' lang='lat' dir='ltr'><strong>quidem</strong></span> <span class='ocrx_word' id='word_1_87' title='bbox 531 1927 661 2030; x_wconf 87' lang='lat' dir='ltr'><strong>placido</strong></span> <span class='ocrx_word' id='word_1_88' title='bbox 679 1929 755 2001; x_wconf 88' lang='lat' dir='ltr'><strong>dare</strong></span> <span class='ocrx_word' id='word_1_89' title='bbox 771 1928 907 2002; x_wconf 88' lang='lat' dir='ltr'><strong>verbera</strong></span> <span class='ocrx_word' id='word_1_90' title='bbox 919 1946 1049 2029; x_wconf 87' lang='lat' dir='ltr'><strong>ponto:</strong></span> 
     </span>
     <span class='ocr_line' id='line_1_15' title="bbox 213 2044 933 2144; baseline -0.001 -26"><span class='ocrx_word' id='word_1_91' title='bbox 213 2047 277 2118; x_wconf 89' lang='lat' dir='ltr'><strong>Est</strong></span> <span class='ocrx_word' id='word_1_92' title='bbox 294 2062 401 2118; x_wconf 86' lang='lat' dir='ltr'><strong>tamen</strong></span> <span class='ocrx_word' id='word_1_93' title='bbox 419 2062 453 2118; x_wconf 89' lang='lat' dir='ltr'><strong>et</strong></span> <span class='ocrx_word' id='word_1_94' title='bbox 469 2072 585 2118; x_wconf 89' lang='lat' dir='ltr'><strong>sensus</strong></span> <span class='ocrx_word' id='word_1_95' title='bbox 599 2061 675 2144; x_wconf 89' lang='lat' dir='ltr'><strong>apta</strong></span> <span class='ocrx_word' id='word_1_96' title='bbox 691 2044 843 2118; x_wconf 88' lang='lat' dir='ltr'><strong>ministra</strong></span> <span class='ocrx_word' id='word_1_97' title='bbox 859 2045 933 2119; x_wconf 91' lang='lat' dir='ltr'><strong>mei.</strong></span> 
     </span>
    </p>

    <p class='ocr_par' dir='ltr' id='par_1_9' title="bbox 165 2157 1224 2374">
     <span class='ocr_line' id='line_1_16' title="bbox 165 2157 1224 2261; baseline 0.002 -29"><span class='ocrx_word' id='word_1_98' title='bbox 165 2159 315 2261; x_wconf 88' lang='lat' dir='ltr'><strong>Septima</strong></span> <span class='ocrx_word' id='word_1_99' title='bbox 330 2187 398 2231; x_wconf 82' lang='lat' dir='ltr'><strong>nox</strong></span> <span class='ocrx_word' id='word_1_100' title='bbox 416 2158 542 2252; x_wconf 83' lang='lat' dir='ltr'><strong>agitur,</strong></span> <span class='ocrx_word' id='word_1_101' title='bbox 561 2157 704 2258; x_wconf 89' lang='lat' dir='ltr'><strong>spatium</strong></span> <span class='ocrx_word' id='word_1_102' title='bbox 720 2159 803 2232; x_wconf 88' lang='lat' dir='ltr'><strong>mibi</strong></span> <span class='ocrx_word' id='word_1_103' title='bbox 819 2159 953 2256; x_wconf 82' lang='lat' dir='ltr'><strong>longius</strong></span> <span class='ocrx_word' id='word_1_104' title='bbox 971 2189 1074 2250; x_wconf 84' lang='lat' dir='ltr'><strong>anno,</strong></span> <span class='ocrx_word' id='word_1_105' title='bbox 1191 2183 1224 2234; x_wconf 79' lang='lat'><strong>2⁵</strong></span> 
     </span>
     <span class='ocr_line' id='line_1_17' title="bbox 213 2272 922 2374; baseline -0.003 -26"><span class='ocrx_word' id='word_1_106' title='bbox 213 2272 400 2348; x_wconf 87' lang='lat' dir='ltr'><strong>Sollicitum</strong></span> <span class='ocrx_word' id='word_1_107' title='bbox 417 2273 523 2346; x_wconf 82' lang='lat' dir='ltr'><strong>raucis</strong></span> <span class='ocrx_word' id='word_1_108' title='bbox 538 2289 577 2344; x_wconf 90' lang='lat' dir='ltr'><strong>ut</strong></span> <span class='ocrx_word' id='word_1_109' title='bbox 592 2300 680 2346; x_wconf 88' lang='lat' dir='ltr'><strong>mare</strong></span> <span class='ocrx_word' id='word_1_110' title='bbox 697 2272 801 2347; x_wconf 82' lang='lat' dir='ltr'><strong>servet</strong></span> <span class='ocrx_word' id='word_1_111' title='bbox 817 2276 922 2374; x_wconf 88' lang='lat' dir='ltr'><strong>aquis.</strong></span> 
     </span>
    </p>

    <p class='ocr_par' dir='ltr' id='par_1_10' title="bbox 164 2386 1069 2489">
     <span class='ocr_line' id='line_1_18' title="bbox 164 2386 1069 2489; baseline 0.002 -28"><span class='ocrx_word' id='word_1_112' title='bbox 164 2389 229 2462; x_wconf 83' lang='lat' dir='ltr'><strong>His</strong></span> <span class='ocrx_word' id='word_1_113' title='bbox 246 2416 309 2482; x_wconf 84' lang='lat' dir='ltr'><strong>ego</strong></span> <span class='ocrx_word' id='word_1_114' title='bbox 327 2388 356 2460; x_wconf 91' lang='lat' dir='ltr'><strong>si</strong></span> <span class='ocrx_word' id='word_1_115' title='bbox 372 2387 440 2460; x_wconf 85' lang='lat' dir='ltr'><strong>vidi</strong></span> <span class='ocrx_word' id='word_1_116' title='bbox 455 2386 653 2461; x_wconf 88' lang='lat' dir='ltr'><strong>mulcentem</strong></span> <span class='ocrx_word' id='word_1_117' title='bbox 669 2405 803 2489; x_wconf 82' lang='lat' dir='ltr'><strong>pectora</strong></span> <span class='ocrx_word' id='word_1_118' title='bbox 821 2416 974 2463; x_wconf 89' lang='lat' dir='ltr'><strong>somnum</strong></span> <span class='ocrx_word' id='word_1_119' title='bbox 1054 2398 1069 2441; x_wconf 61' lang='lat'><em>²</em></span> 
     </span>
    </p>

    <p class='ocr_par' dir='ltr' id='par_1_11' title="bbox 162 2502 913 2597">
     <span class='ocr_line' id='line_1_19' title="bbox 162 2502 913 2597; baseline 0 -22"><span class='ocrx_word' id='word_1_120' title='bbox 162 2562 165 2567; x_wconf 93' lang='lat'>.</span> <span class='ocrx_word' id='word_1_121' title='bbox 217 2503 397 2590; x_wconf 86' lang='lat' dir='ltr'><strong>Noctibus,</strong></span> <span class='ocrx_word' id='word_1_122' title='bbox 416 2502 523 2576; x_wconf 85' lang='lat' dir='ltr'><strong>insani</strong></span> <span class='ocrx_word' id='word_1_123' title='bbox 541 2504 585 2575; x_wconf 89' lang='lat' dir='ltr'><strong>sit</strong></span> <span class='ocrx_word' id='word_1_124' title='bbox 601 2531 695 2576; x_wconf 86' lang='lat' dir='ltr'><strong>mora</strong></span> <span class='ocrx_word' id='word_1_125' title='bbox 711 2502 812 2597; x_wconf 84' lang='lat' dir='ltr'><strong>longa</strong></span> <span class='ocrx_word' id='word_1_126' title='bbox 828 2503 913 2576; x_wconf 88' lang='lat' dir='ltr'><strong>freti.</strong></span> 
     </span>
    </p>

    <p class='ocr_par' dir='ltr' id='par_1_12' title="bbox 164 2618 1224 2839">
     <span class='ocr_line' id='line_1_20' title="bbox 164 2618 986 2723; baseline -0.005 -27"><span class='ocrx_word' id='word_1_127' title='bbox 164 2625 263 2723; x_wconf 88' lang='lat' dir='ltr'><strong>Rupe</strong></span> <span class='ocrx_word' id='word_1_128' title='bbox 280 2620 397 2695; x_wconf 88' lang='lat' dir='ltr'><strong>sedens</strong></span> <span class='ocrx_word' id='word_1_129' title='bbox 411 2620 521 2722; x_wconf 84' lang='lat' dir='ltr'><strong>aliqua</strong></span> <span class='ocrx_word' id='word_1_130' title='bbox 538 2638 651 2722; x_wconf 86' lang='lat' dir='ltr'><strong>specto</strong></span> <span class='ocrx_word' id='word_1_131' title='bbox 672 2637 727 2693; x_wconf 84' lang='lat' dir='ltr'><strong>tua</strong></span> <span class='ocrx_word' id='word_1_132' title='bbox 743 2618 842 2693; x_wconf 90' lang='lat' dir='ltr'><strong>litora</strong></span> <span class='ocrx_word' id='word_1_133' title='bbox 860 2619 963 2693; x_wconf 87' lang='lat' dir='ltr'><strong>tristis</strong></span> <span class='ocrx_word' id='word_1_134' title='bbox 977 2648 986 2707; x_wconf 87' lang='lat'>;</span> 
     </span>
     <span class='ocr_line' id='line_1_21' title="bbox 214 2735 1224 2839; baseline -0.004 -29"><span class='ocrx_word' id='word_1_135' title='bbox 214 2741 259 2811; x_wconf 89' lang='lat' dir='ltr'><strong>Et</strong></span> <span class='ocrx_word' id='word_1_136' title='bbox 278 2766 345 2837; x_wconf 92' lang='lat' dir='ltr'><strong>quo</strong></span> <span class='ocrx_word' id='word_1_137' title='bbox 361 2766 431 2811; x_wconf 91' lang='lat' dir='ltr'><strong>non</strong></span> <span class='ocrx_word' id='word_1_138' title='bbox 448 2765 587 2839; x_wconf 91' lang='lat' dir='ltr'><strong>possum</strong></span> <span class='ocrx_word' id='word_1_139' title='bbox 604 2763 756 2837; x_wconf 86' lang='lat' dir='ltr'><strong>corpore,</strong></span> <span class='ocrx_word' id='word_1_140' title='bbox 775 2751 885 2809; x_wconf 87' lang='lat' dir='ltr'><strong>mente</strong></span> <span class='ocrx_word' id='word_1_141' title='bbox 901 2735 998 2809; x_wconf 86' lang='lat' dir='ltr'><strong>seror.</strong></span> <span class='ocrx_word' id='word_1_142' title='bbox 1193 2757 1224 2806; x_wconf 75' lang='lat'><strong>30</strong></span> 
     </span>
    </p>

    <p class='ocr_par' dir='ltr' id='par_1_13' title="bbox 165 2850 976 3068">
     <span class='ocr_line' id='line_1_22' title="bbox 165 2850 976 2955; baseline -0.001 -28"><span class='ocrx_word' id='word_1_143' title='bbox 165 2855 305 2927; x_wconf 85' lang='lat' dir='ltr'><strong>Lumina</strong></span> <span class='ocrx_word' id='word_1_144' title='bbox 324 2855 405 2955; x_wconf 90' lang='lat' dir='ltr'><strong>quin</strong></span> <span class='ocrx_word' id='word_1_145' title='bbox 421 2854 518 2928; x_wconf 87' lang='lat' dir='ltr'><strong>etiam</strong></span> <span class='ocrx_word' id='word_1_146' title='bbox 538 2882 666 2927; x_wconf 91' lang='lat' dir='ltr'><strong>summa</strong></span> <span class='ocrx_word' id='word_1_147' title='bbox 682 2850 851 2947; x_wconf 84' lang='lat' dir='ltr'><strong>vigilantia</strong></span> <span class='ocrx_word' id='word_1_148' title='bbox 867 2870 976 2941; x_wconf 85' lang='lat' dir='ltr'><strong>turre,</strong></span> 
     </span>
     <span class='ocr_line' id='line_1_23' title="bbox 210 2968 956 3068; baseline -0.005 -25"><span class='ocrx_word' id='word_1_149' title='bbox 210 2973 281 3043; x_wconf 85' lang='lat' dir='ltr'><strong>Aut</strong></span> <span class='ocrx_word' id='word_1_150' title='bbox 296 2971 402 3057; x_wconf 83' lang='lat' dir='ltr'><strong>videt,</strong></span> <span class='ocrx_word' id='word_1_151' title='bbox 421 2988 479 3043; x_wconf 88' lang='lat' dir='ltr'><strong>aut</strong></span> <span class='ocrx_word' id='word_1_152' title='bbox 495 2971 579 3044; x_wconf 88' lang='lat' dir='ltr'><strong>acies</strong></span> <span class='ocrx_word' id='word_1_153' title='bbox 596 2986 710 3042; x_wconf 90' lang='lat' dir='ltr'><strong>nostra</strong></span> <span class='ocrx_word' id='word_1_154' title='bbox 726 2968 835 3042; x_wconf 85' lang='lat' dir='ltr'><strong>videre</strong></span> <span class='ocrx_word' id='word_1_155' title='bbox 851 2985 956 3068; x_wconf 90' lang='lat' dir='ltr'><strong>putat.</strong></span> 
     </span>
    </p>

    <p class='ocr_par' dir='ltr' id='par_1_14' title="bbox 162 3082 959 3297">
     <span class='ocr_line' id='line_1_24' title="bbox 162 3082 959 3183; baseline -0.005 -25"><span class='ocrx_word' id='word_1_156' title='bbox 162 3087 230 3158; x_wconf 89' lang='lat' dir='ltr'><strong>Ter</strong></span> <span class='ocrx_word' id='word_1_157' title='bbox 244 3083 325 3158; x_wconf 91' lang='lat' dir='ltr'><strong>mihi</strong></span> <span class='ocrx_word' id='word_1_158' title='bbox 344 3083 495 3183; x_wconf 82' lang='lat' dir='ltr'><strong>deposita</strong></span> <span class='ocrx_word' id='word_1_159' title='bbox 511 3100 562 3157; x_wconf 88' lang='lat' dir='ltr'><strong>est</strong></span> <span class='ocrx_word' id='word_1_160' title='bbox 578 3084 613 3154; x_wconf 90' lang='lat' dir='ltr'><strong>in</strong></span> <span class='ocrx_word' id='word_1_161' title='bbox 629 3083 715 3156; x_wconf 87' lang='lat' dir='ltr'><strong>sicca</strong></span> <span class='ocrx_word' id='word_1_162' title='bbox 726 3082 826 3155; x_wconf 81' lang='lat' dir='ltr'><strong>vestis</strong></span> <span class='ocrx_word' id='word_1_163' title='bbox 845 3110 959 3168; x_wconf 87' lang='lat' dir='ltr'><strong>arena;</strong></span> 
     </span>
     <span class='ocr_line' id='line_1_25' title="bbox 213 3194 900 3297; baseline -0.009 -26"><span class='ocrx_word' id='word_1_164' title='bbox 213 3201 281 3271; x_wconf 84' lang='lat' dir='ltr'><strong>Ter</strong></span> <span class='ocrx_word' id='word_1_165' title='bbox 298 3228 393 3292; x_wconf 81' lang='lat' dir='ltr'><strong>grave</strong></span> <span class='ocrx_word' id='word_1_166' title='bbox 412 3200 535 3272; x_wconf 77' lang='lat' dir='ltr'><strong>tentavi</strong></span> <span class='ocrx_word' id='word_1_167' title='bbox 552 3226 683 3297; x_wconf 88' lang='lat' dir='ltr'><strong>carpere</strong></span> <span class='ocrx_word' id='word_1_168' title='bbox 701 3194 810 3268; x_wconf 92' lang='lat' dir='ltr'><strong>nudus</strong></span> <span class='ocrx_word' id='word_1_169' title='bbox 827 3195 900 3268; x_wconf 90' lang='lat' dir='ltr'><strong>iter.</strong></span> 
     </span>
    </p>

    <p class='ocr_par' dir='ltr' id='par_1_15' title="bbox 166 3309 1222 3525">
     <span class='ocr_line' id='line_1_26' title="bbox 166 3309 1222 3413; baseline -0.008 -25"><span class='ocrx_word' id='word_1_170' title='bbox 166 3313 311 3388; x_wconf 84' lang='lat' dir='ltr'><strong>Obstitit</strong></span> <span class='ocrx_word' id='word_1_171' title='bbox 326 3313 465 3413; x_wconf 88' lang='lat' dir='ltr'><strong>inceptis</strong></span> <span class='ocrx_word' id='word_1_172' title='bbox 484 3311 647 3385; x_wconf 86' lang='lat' dir='ltr'><strong>tumidum</strong></span> <span class='ocrx_word' id='word_1_173' title='bbox 659 3309 862 3409; x_wconf 86' lang='lat' dir='ltr'><strong>juvenilibus</strong></span> <span class='ocrx_word' id='word_1_174' title='bbox 879 3335 1007 3407; x_wconf 82' lang='lat' dir='ltr'><strong>aequor‚</strong></span> <span class='ocrx_word' id='word_1_175' title='bbox 1190 3329 1222 3380; x_wconf 73' lang='lat'><strong>35</strong></span> 
     </span>
     <span class='ocr_line' id='line_1_27' title="bbox 212 3424 897 3525; baseline -0.009 -23"><span class='ocrx_word' id='word_1_176' title='bbox 212 3427 333 3502; x_wconf 88' lang='lat' dir='ltr'><strong>Mersit</strong></span> <span class='ocrx_word' id='word_1_177' title='bbox 349 3444 383 3500; x_wconf 88' lang='lat' dir='ltr'><strong>et</strong></span> <span class='ocrx_word' id='word_1_178' title='bbox 398 3426 541 3499; x_wconf 82' lang='lat' dir='ltr'><strong>adversis</strong></span> <span class='ocrx_word' id='word_1_179' title='bbox 559 3455 616 3499; x_wconf 83' lang='lat' dir='ltr'><strong>ora</strong></span> <span class='ocrx_word' id='word_1_180' title='bbox 632 3426 776 3499; x_wconf 82' lang='lat' dir='ltr'><strong>natantis</strong></span> <span class='ocrx_word' id='word_1_181' title='bbox 793 3424 897 3525; x_wconf 88' lang='lat' dir='ltr'><strong>aquis.</strong></span> 
     </span>
    </p>
   </div>
   <div class='ocr_carea' id='block_1_3' title="bbox 159 3627 1222 4168">
    <p class='ocr_par' dir='ltr' id='par_1_16' title="bbox 159 3627 1222 4088">
     <span class='ocr_line' id='line_1_28' title="bbox 198 3627 1221 3697; baseline -0.003 -14"><span class='ocrx_word' id='word_1_182' title='bbox 198 3630 236 3683; x_wconf 77' lang='lat'><strong>13.</strong></span> <span class='ocrx_word' id='word_1_183' title='bbox 254 3632 312 3685; x_wconf 83' lang='lat' dir='ltr'><strong>Nou</strong></span> <span class='ocrx_word' id='word_1_184' title='bbox 327 3635 441 3697; x_wconf 77' lang='lat' dir='ltr'><strong>poteram</strong></span> <span class='ocrx_word' id='word_1_185' title='bbox 460 3631 543 3680; x_wconf 82' lang='lat' dir='ltr'><strong>celare</strong></span> <span class='ocrx_word' id='word_1_186' title='bbox 562 3647 667 3681; x_wconf 79' lang='lat' dir='ltr'><strong>meos....</strong></span> <span class='ocrx_word' id='word_1_187' title='bbox 714 3636 797 3692; x_wconf 71' lang='lat' dir='ltr'><strong>mma,</strong></span> <span class='ocrx_word' id='word_1_188' title='bbox 811 3631 874 3683; x_wconf 65' lang='lat' dir='ltr'><strong>utrt</strong></span> <span class='ocrx_word' id='word_1_189' title='bbox 885 3627 1072 3692; x_wconf 80' lang='lat' dir='ltr'><strong>voletbabeat‚</strong></span> <span class='ocrx_word' id='word_1_190' title='bbox 1086 3628 1221 3696; x_wconf 80' lang='lat' dir='ltr'><strong>qnorese-</strong></span> 
     </span>
     <span class='ocr_line' id='line_1_29' title="bbox 159 3697 1221 3782; baseline -0.007 -18"><span class='ocrx_word' id='word_1_191' title='bbox 159 3716 284 3782; x_wconf 75' lang='lat' dir='ltr'><strong>parentes.</strong></span> <span class='ocrx_word' id='word_1_192' title='bbox 302 3711 344 3763; x_wconf 76' lang='lat' dir='ltr'><strong>Fu</strong></span> <span class='ocrx_word' id='word_1_193' title='bbox 362 3709 495 3779; x_wconf 84' lang='lat' dir='ltr'><strong>aliquoties</strong></span> <span class='ocrx_word' id='word_1_194' title='bbox 511 3707 579 3778; x_wconf 80' lang='lat' dir='ltr'><strong>apud</strong></span> <span class='ocrx_word' id='word_1_195' title='bbox 596 3709 666 3760; x_wconf 82' lang='lat' dir='ltr'><strong>Mu-</strong></span> <span class='ocrx_word' id='word_1_196' title='bbox 714 3716 795 3760; x_wconf 81' lang='lat' dir='ltr'><strong>ratur.</strong></span> <span class='ocrx_word' id='word_1_197' title='bbox 805 3705 984 3758; x_wconf 80' lang='lat' dir='ltr'><strong>Douzaetiam</strong></span> <span class='ocrx_word' id='word_1_198' title='bbox 992 3697 1114 3770; x_wconf 84' lang='lat' dir='ltr'><strong>malebat,</strong></span> <span class='ocrx_word' id='word_1_199' title='bbox 1125 3707 1221 3758; x_wconf 77' lang='lat' dir='ltr'><strong>Forsan</strong></span> 
     </span>
     <span class='ocr_line' id='line_1_30' title="bbox 161 3782 1204 3855; baseline -0.008 -11"><span class='ocrx_word' id='word_1_200' title='bbox 161 3807 242 3844; x_wconf 77' lang='lat' dir='ltr'><strong>saeum</strong></span> <span class='ocrx_word' id='word_1_201' title='bbox 270 3788 370 3841; x_wconf 83' lang='lat' dir='ltr'><strong>mentio</strong></span> <span class='ocrx_word' id='word_1_202' title='bbox 395 3795 534 3855; x_wconf 85' lang='lat' dir='ltr'><strong>parentum</strong></span> <span class='ocrx_word' id='word_1_203' title='bbox 558 3786 666 3848; x_wconf 87' lang='lat' dir='ltr'><strong>Herns;</strong></span> <span class='ocrx_word' id='word_1_204' title='bbox 714 3790 742 3837; x_wconf 81' lang='lat' dir='ltr'><strong>c!</strong></span> <span class='ocrx_word' id='word_1_205' title='bbox 750 3786 860 3836; x_wconf 76' lang='lat' dir='ltr'><strong>admotis</strong></span> <span class='ocrx_word' id='word_1_206' title='bbox 871 3785 990 3843; x_wconf 75' lang='lat' dir='ltr'><strong>domine,</strong></span> <span class='ocrx_word' id='word_1_207' title='bbox 1008 3800 1062 3834; x_wconf 86' lang='lat' dir='ltr'><strong>non</strong></span> <span class='ocrx_word' id='word_1_208' title='bbox 1075 3782 1150 3835; x_wconf 82' lang='lat' dir='ltr'><strong>male.</strong></span> <span class='ocrx_word' id='word_1_209' title='bbox 1164 3783 1204 3836; x_wconf 89' lang='lat' dir='ltr'><strong>ln.</strong></span> 
     </span>
     <span class='ocr_line' id='line_1_31' title="bbox 161 3859 1222 3928; baseline -0.006 -9"><span class='ocrx_word' id='word_1_210' title='bbox 161 3864 233 3919; x_wconf 88' lang='lat' dir='ltr'><strong>nulla</strong></span> <span class='ocrx_word' id='word_1_211' title='bbox 246 3864 366 3917; x_wconf 81' lang='lat' dir='ltr'><strong>Leandri.</strong></span> <span class='ocrx_word' id='word_1_212' title='bbox 385 3863 464 3917; x_wconf 89' lang='lat' dir='ltr'><strong>Unde</strong></span> <span class='ocrx_word' id='word_1_213' title='bbox 476 3883 531 3916; x_wconf 88' lang='lat' dir='ltr'><strong>non</strong></span> <span class='ocrx_word' id='word_1_214' title='bbox 543 3863 597 3916; x_wconf 87' lang='lat' dir='ltr'><strong>sine</strong></span> <span class='ocrx_word' id='word_1_215' title='bbox 609 3861 667 3915; x_wconf 81' lang='lat' dir='ltr'><strong>veri</strong></span> <span class='ocrx_word' id='word_1_216' title='bbox 747 3861 786 3914; x_wconf 72' lang='lat' dir='ltr'><strong>ab.</strong></span> <span class='ocrx_word' id='word_1_217' title='bbox 804 3862 840 3912; x_wconf 80' lang='lat' dir='ltr'><strong>[sl</strong></span> <span class='ocrx_word' id='word_1_218' title='bbox 849 3880 917 3913; x_wconf 84' lang='lat' dir='ltr'><strong>mare</strong></span> <span class='ocrx_word' id='word_1_219' title='bbox 920 3860 1006 3928; x_wconf 75' lang='lat' dir='ltr'><strong>seruet</strong></span> <span class='ocrx_word' id='word_1_220' title='bbox 1013 3863 1093 3928; x_wconf 83' lang='lat' dir='ltr'><strong>aquis.</strong></span> <span class='ocrx_word' id='word_1_221' title='bbox 1105 3859 1149 3914; x_wconf 82' lang='lat' dir='ltr'><strong>sic</strong></span> <span class='ocrx_word' id='word_1_222' title='bbox 1158 3880 1222 3913; x_wconf 86' lang='lat' dir='ltr'><strong>me-</strong></span> 
     </span>
     <span class='ocr_line' id='line_1_32' title="bbox 162 3937 1220 4012; baseline -0.006 -16"><span class='ocrx_word' id='word_1_223' title='bbox 162 3943 245 4012; x_wconf 84' lang='lat' dir='ltr'><strong>specie</strong></span> <span class='ocrx_word' id='word_1_224' title='bbox 258 3942 400 4011; x_wconf 81' lang='lat' dir='ltr'><strong>suspicetur</strong></span> <span class='ocrx_word' id='word_1_225' title='bbox 411 3941 500 4009; x_wconf 83' lang='lat' dir='ltr'><strong>aliquis</strong></span> <span class='ocrx_word' id='word_1_226' title='bbox 510 3940 551 3993; x_wconf 88' lang='lat' dir='ltr'><strong>hic</strong></span> <span class='ocrx_word' id='word_1_227' title='bbox 562 3958 666 4009; x_wconf 87' lang='lat' dir='ltr'><strong>quoque</strong></span> <span class='ocrx_word' id='word_1_228' title='bbox 714 3938 791 3991; x_wconf 87' lang='lat' dir='ltr'><strong>liores</strong></span> <span class='ocrx_word' id='word_1_229' title='bbox 804 3938 869 3990; x_wconf 87' lang='lat' dir='ltr'><strong>libri.</strong></span> <span class='ocrx_word' id='word_1_230' title='bbox 887 3939 995 3990; x_wconf 85' lang='lat' dir='ltr'><strong>Frustra</strong></span> <span class='ocrx_word' id='word_1_231' title='bbox 1010 3937 1220 4003; x_wconf 65' lang='lat' dir='ltr'><strong>madelinus,</strong></span> 
     </span>
     <span class='ocr_line' id='line_1_33' title="bbox 162 4016 1194 4088; baseline -0.004 -16"><span class='ocrx_word' id='word_1_232' title='bbox 162 4017 305 4088; x_wconf 77' lang='lat' dir='ltr'><strong>legendum</strong></span> <span class='ocrx_word' id='word_1_233' title='bbox 318 4037 371 4071; x_wconf 87' lang='lat' dir='ltr'><strong>csse</strong></span> <span class='ocrx_word' id='word_1_234' title='bbox 384 4024 448 4070; x_wconf 81' lang='lat' dir='ltr'><strong>tuos.</strong></span> <span class='ocrx_word' id='word_1_235' title='bbox 472 4016 592 4069; x_wconf 72' lang='lat' dir='ltr'><strong>burum.</strong></span> <span class='ocrx_word' id='word_1_236' title='bbox 716 4039 763 4087; x_wconf 81' lang='lat' dir='ltr'><strong>quo</strong></span> <span class='ocrx_word' id='word_1_237' title='bbox 774 4038 841 4070; x_wconf 82' lang='lat' dir='ltr'><strong>mare</strong></span> <span class='ocrx_word' id='word_1_238' title='bbox 851 4039 858 4070; x_wconf 88' lang='grc'><strong>,·</strong></span> <span class='ocrx_word' id='word_1_239' title='bbox 870 4018 927 4085; x_wconf 80' lang='lat' dir='ltr'><strong>alii,</strong></span> <span class='ocrx_word' id='word_1_240' title='bbox 938 4022 1084 4088; x_wconf 72' lang='lat' dir='ltr'><strong>quoduam</strong></span> <span class='ocrx_word' id='word_1_241' title='bbox 1096 4019 1194 4072; x_wconf 77' lang='lat' dir='ltr'><strong>iterus.</strong></span> 
     </span>
    </p>

    <p class='ocr_par' dir='ltr' id='par_1_17' title="bbox 199 4094 1220 4168">
     <span class='ocr_line' id='line_1_34' title="bbox 199 4094 1220 4168; baseline -0.008 -17"><span class='ocrx_word' id='word_1_242' title='bbox 199 4101 442 4167; x_wconf 77' lang='lat' dir='ltr'><strong>17.Am0u·seu·am.</strong></span> <span class='ocrx_word' id='word_1_243' title='bbox 456 4097 524 4167; x_wconf 80' lang='lat' dir='ltr'><strong>Lege</strong></span> <span class='ocrx_word' id='word_1_244' title='bbox 536 4117 597 4150; x_wconf 89' lang='lat' dir='ltr'><strong>cum</strong></span> <span class='ocrx_word' id='word_1_245' title='bbox 610 4097 669 4149; x_wconf 88' lang='lat' dir='ltr'><strong>Mo·</strong></span> <span class='ocrx_word' id='word_1_246' title='bbox 748 4118 787 4168; x_wconf 85' lang='lat'><strong>²7·</strong></span> <span class='ocrx_word' id='word_1_247' title='bbox 806 4098 1076 4165; x_wconf 77' lang='lat' dir='ltr'><strong>Mulcenlempectora.</strong></span> <span class='ocrx_word' id='word_1_248' title='bbox 1096 4094 1220 4149; x_wconf 81' lang='lat' dir='ltr'><strong>Francius</strong></span> 
     </span>
    </p>
   </div>
   <div class='ocr_carea' id='block_1_4' title="bbox 163 4176 981 4245">
    <p class='ocr_par' dir='ltr' id='par_1_18' title="bbox 163 4176 981 4245">
     <span class='ocr_line' id='line_1_35' title="bbox 163 4176 981 4245; baseline -0.002 -14"><span class='ocrx_word' id='word_1_249' title='bbox 163 4179 214 4232; x_wconf 85' lang='lat' dir='ltr'><strong>reti</strong></span> <span class='ocrx_word' id='word_1_250' title='bbox 226 4189 252 4233; x_wconf 86' lang='lat' dir='ltr'><strong>et</strong></span> <span class='ocrx_word' id='word_1_251' title='bbox 264 4180 384 4234; x_wconf 85' lang='lat' dir='ltr'><strong>Mentelii</strong></span> <span class='ocrx_word' id='word_1_252' title='bbox 395 4178 479 4245; x_wconf 86' lang='lat' dir='ltr'><strong>libris,</strong></span> <span class='ocrx_word' id='word_1_253' title='bbox 494 4179 604 4231; x_wconf 76' lang='lat' dir='ltr'><strong>admotu</strong></span> <span class='ocrx_word' id='word_1_254' title='bbox 616 4179 668 4230; x_wconf 83' lang='lat' dir='ltr'><strong>do·</strong></span> <span class='ocrx_word' id='word_1_255' title='bbox 716 4176 846 4244; x_wconf 77' lang='lat' dir='ltr'><strong>malebat,</strong></span> <span class='ocrx_word' id='word_1_256' title='bbox 864 4184 981 4244; x_wconf 71' lang='lat' dir='ltr'><strong>tempora.</strong></span> 
     </span>
    </p>
   </div>
   <div class='ocr_carea' id='block_1_5' title="bbox 0 0 1400 4696">
    <p class='ocr_par' dir='ltr' id='par_1_19' title="bbox 0 0 1400 4696">
     <span class='ocr_line' id='line_1_36' title="bbox 0 0 1400 4696; baseline 0 0"><span class='ocrx_word' id='word_1_257' title='bbox 0 0 1400 4696; x_wconf 95' lang='lat' dir='ltr'><strong> </strong></span> 
     </span>
    </p>
   </div>
  </div>
 </body>
</html>
