2790 4696
409 999 736 1088 EPISTOLAE
772 998 963 1088 NONAE

494 1218 889 1287 ARGUMENTUM.

201 1455 300 1528 Quum
312 1452 469 1518 rescivisset
480 1455 615 1517 Herculia
628 1475 703 1517 uxor
713 1455 861 1530 neuun,
872 1472 950 1516 novo
962 1452 1117 1536 conjugem
1125 1470 1224 1513 amore

159 1569 291 1639 captum,
306 1556 388 1619 lolen
396 1559 539 1622 OEchaliae
549 1559 625 1644 regis
636 1558 824 1621 filimaeeum
835 1557 973 1619 adducere
982 1601 993 1634 ‚
1002 1556 1227 1642 uxorilegitimae

160 1662 401 1744 propositurum,
415 1673 505 1725 teniat
515 1665 638 1745 primum
651 1686 717 1746 quae
727 1665 842 1726 sortiter
852 1676 881 1724 et
893 1660 1068 1748 magnanime
1083 1673 1229 1745 gemme,

160 1767 191 1826 in
204 1767 329 1828 animum
339 1788 488 1844 revocare,
505 1767 596 1850 priori
606 1769 685 1829 samae
699 1769 798 1830 lamam
814 1770 924 1830 ironice
941 1785 1090 1850 opponens
1102 1765 1226 1826 omnino

161 1871 334 1934 decolorem.
357 1873 435 1934 Hinc
452 1872 533 1954 quasi
556 1872 661 1955 duplex
686 1873 843 1951 Hercules,
863 1895 988 1957 quorum
1008 1892 1096 1933 unum
1117 1869 1227 1952 pudeat

160 1977 276 2038 alterius
293 1998 408 2039 necesse
422 1989 506 2039 esset.
526 1976 583 2038 Sed
602 1979 734 2060 praeviam
751 1977 891 2061 Epistola
905 1978 1029 2040 tunicam
1044 1975 1153 2037 oulen
1165 1973 1226 2034 nri-

161 2094 253 2160 scm,
267 2104 351 2166 quam
368 2083 510 2145 Deianirae
520 2083 650 2158 Nessus,
667 2082 788 2165 proprio
801 2084 936 2169 sanguine
950 2082 1049 2144 illium
1063 2078 1223 2143 tradiderat.

161 2188 256 2261 Quam
267 2189 359 2250 atatim
373 2199 406 2248 ut
421 2186 560 2248 Hercules
573 2187 685 2265 induit,

306 2337 417 2392 Incaluit
425 2339 463 2391 vir
474 2338 517 2391 illa
528 2340 606 2405 mali;
623 2339 788 2410 resolutaque
801 2340 913 2395 flammis

307 2428 453 2481 Herculeo·
464 2429 525 2482 abiit
535 2430 584 2483 late
597 2429 689 2483 diffusa
701 2449 748 2499 per
759 2442 837 2485 artus.
876 2430 995 2483 Mandu.
1011 2444 1054 2496 rx,
1069 2429 1122 2481 ιῦι.

163 2570 251 2645 Quo,
265 2566 339 2629 inter
350 2568 545 2646 scribendum,
561 2569 678 2648 audito,
692 2571 843 2645 Deianira,
862 2568 941 2649 quod
958 2567 1121 2649 imprudens
1133 2566 1227 2628 admi·

163 2685 236 2734 serat
249 2672 374 2752 hcinus,
389 2687 479 2735 tentat
494 2695 632 2757 purgare,
648 2686 677 2734 et
691 2675 775 2735 vitam
792 2672 872 2733 linire
888 2671 1021 2731 decernit.

205 2780 342 2861 Sophocl.
359 2781 389 2841 in
400 2780 533 2841 Trachin.
548 2813 589 2825 -
600 2780 714 2840 Melam.
734 2779 799 2840 loeo
815 2776 903 2837 dicto.
917 2810 957 2823 -
967 2773 1053 2838 Diod.
1068 2772 1157 2837 Sicnl.
1178 2791 1226 2839 lv·

163 2917 203 2931 -
220 2885 364 2948 Senecio
380 2885 498 2950 Hercul.
511 2886 578 2947 (Εἰ.
593 2918 634 2932 -
648 2885 754 2967 Hygia.
775 2879 842 2944 Fab.
858 2879 910 2957 34.
