2790 4696
164 310 229 377 268
470 307 769 382 -EPISTOLA
797 316 882 388 XV.

163 450 285 523 Factus
301 448 401 549 inops
417 447 497 545 agili
513 452 642 551 peragit
655 451 739 527 fieta
755 452 873 528 caerula
889 482 999 544 remo;
1195 480 1229 535 65

212 565 373 665 Quasque
389 563 473 639 male
490 567 617 655 amisit,
635 596 725 642 nunc
742 566 826 642 male
845 569 964 670 miserit
979 588 1075 671 opes.¹

68 670 71 675 ⁵
166 682 226 757 Ille
245 711 395 783 quoque,
413 682 505 784 quod
520 684 637 758 monui
654 684 740 759 bene
758 683 863 759 multa
882 683 1040 775 fideliter,
1054 685 1156 762 odit:

211 800 285 871 Hoc
302 799 384 872 mibi
401 798 554 887 libertas,
570 799 637 874 boc
654 800 712 901 pia
728 799 841 896 lingua
858 800 958 877 dedit

161 914 208 985 Et
224 930 381 1014 tanquam
398 913 525 1001 desint,
545 942 619 1014 quae
636 943 689 989 me
705 916 777 990 sine
793 916 858 992 line
875 917 1032 1017 fatigent,

210 1027 409 1102 Accumulat
427 1056 522 1103 curas
538 1027 605 1102 filia
621 1056 723 1130 parva
737 1058 835 1105 meas.

161 1138 288 1214 Ultima
307 1160 343 1215 tn
359 1143 485 1216 nostris
501 1142 628 1217 accedis
644 1171 742 1217 causa
758 1144 910 1244 querelis.

210 1258 287 1331 Non
301 1258 410 1351 agitur
426 1274 524 1331 vento
541 1274 656 1332 nostra
671 1258 782 1332 carina
799 1287 872 1334 suo.

163 1373 248 1445 Ecce
263 1371 372 1468 jacent
388 1369 475 1444 collo
491 1371 598 1472 positi
616 1372 688 1446 sine
707 1371 779 1468 lege
797 1373 933 1476 capilli:

210 1487 279 1559 Nec
295 1487 416 1587 premit
433 1485 592 1562 articulos
608 1485 718 1561 lucida
734 1516 862 1583 gemma
875 1517 978 1564 meos.

162 1605 262 1677 Veste
276 1621 373 1700 tegor
388 1602 468 1678 vili:
485 1602 616 1678 nullum
631 1621 682 1678 est
698 1605 735 1677 in
751 1604 900 1681 crinibus
918 1635 1057 1681 aurum:
1196 1631 1229 1701 75

210 1720 289 1793 Non
306 1718 422 1793 Arabo
439 1737 555 1794 noster
571 1747 646 1794 rore
664 1717 804 1821 capillus
821 1719 898 1796 olet.

164 1834 229 1910 Cui
246 1833 335 1909 colar
351 1833 483 1923 infelix,
501 1853 559 1909 aut
575 1836 629 1911 cui
647 1833 811 1937 placuisse
828 1833 1004 1913 laborem?

212 1951 272 2025 Ille
290 1952 355 2027 mei
372 1950 482 2028 cultus
498 1952 618 2026 unicus
636 1963 756 2026 auctor'
766 1951 871 2025 abest.

163 2067 269 2144 Molle
285 2098 395 2144 meum
408 2067 537 2143 levibus
554 2094 613 2143 cor
630 2085 682 2143 est
695 2064 850 2143 violabile
867 2063 965 2141 telis:

195 2304 617 2375 65.1³eraptsreta.tnnuievsro
630 2304 673 2377 pi·
721 2314 762 2361 tus
773 2323 781 2359 e
791 2314 818 2360 et
828 2304 949 2361 Valerius
965 2304 1088 2374 Flaccus,
1102 2304 1145 2360 lib.
1160 2320 1228 2361 vm:

162 2391 248 2435 ratam
259 2382 365 2437 [actum.
379 2383 475 2439 Pint·
488 2383 561 2438 enim
576 2384 620 2437 ἆιὸ
633 2391 674 2439 τοῦ
720 2386 818 2437 olentes
827 2386 944 2452 sulphure
955 2389 1038 2438 cn'res
1047 2402 1152 2454 quoque
1160 2383 1229 2439 dixit

162 2469 254 2536 κεφᾷν,
273 2481 288 2515 a
301 2464 448 2531 μνημεῖα
464 2469 493 2516 et
506 2460 673 2534 pervagfflo
721 2461 827 2515 Martial
837 2480 844 2517 e
856 2464 940 2530 Atque
950 2464 1033 2516 oluere
1048 2465 1117 2515 lares
1135 2478 1231 2516 conres-

163 2539 247 2594 maria
259 2538 336 2595 dieti:
348 2551 375 2595 et
384 2539 445 2595 hinc
454 2540 526 2594 addit
533 2543 674 2609 mlequ-
721 2545 807 2593 satore
820 2540 903 2610 lyco.
917 2540 1037 2609 Propert.
1048 2537 1063 2591 l.
1075 2556 1115 2605 rr,
1126 2538 1167 2592 ΕΙ.
1175 2553 1230 2592 m:

162 2622 198 2672 n’l
217 2637 292 2686 opes,
314 2619 384 2690 turpi
403 2628 520 2690 questu,
545 2636 623 2684 non,
642 2625 674 2671 ut
747 2619 1070 2662 cummanum-motum
1079 2621 1143 2659 men?
1155 2623 1229 2661 nunu.

164 2691 317 2762 Domitius,
337 2694 426 2749 multis
449 2690 624 2749 incommodis
645 2701 674 2745 et
754 2692 792 2764 78.
804 2693 987 2746 Auctorabest.
999 2694 1071 2746 Ades
1080 2692 1181 2746 malim.
1194 2692 1230 2749 ll.

162 2770 269 2836 labore;
285 2772 335 2825 uisi
351 2781 464 2825 statuere
477 2771 588 2825 velimus
598 2768 673 2823 illum
754 2790 792 2844 79.
810 2771 891 2824 Molle
909 2790 989 2824 nem
1010 2773 1105 2824 lenibus
1126 2790 1174 2824 cor
1193 2776 1233 2826 est

163 2848 291 2921 remigem
303 2851 409 2904 factum.
430 2848 530 2904 Buten.
720 2850 839 2901 stolam
855 2851 922 2902 rem.
937 2854 972 2903 ‘l'l
993 2868 1039 2903 eor
1057 2847 1229 2919 producitur,

197 2946 237 3000 7⁰·
254 2928 323 2982 auu
329 2946 417 2997 parra.
433 2926 504 2981 Cleis
515 2926 575 2981 tilio.
721 2934 811 2980 contra
831 2944 911 2996 quam
921 2925 994 2981 solet.
1012 2925 1093 2981 Certe
1115 2927 1230 2997 Noster,

198 3027 238 3078 7²·
254 3006 312 3061 Nor
323 3008 399 3060 uento
413 3024 466 3059 suo.
481 3004 609 3061 Adverso.
724 3001 818 3072 ruse,
830 3002 897 3058 libro
907 3021 942 3072 v,
958 3003 1031 3076 Eleg.
1047 3021 1118 3073 vm,
1133 3007 1182 3061 aa:

199 3084 238 3154 73,
255 3086 324 3140 Em
336 3085 432 3154 jam!
445 3087 512 3138 collo
523 3088 609 3153 posm'
619 3088 676 3138 siu
746 3085 970 3126 notkeri-trinitus
979 3089 1008 3126 sic
1019 3087 1075 3126 babet
1085 3087 1119 3125 ille
1128 3098 1200 3139 pru.

165 3162 605 3231 Iegecapr‘llrlliib.veteres,sparsr',
618 3179 675 3214 nun
724 3158 794 3215 Nam
813 3158 841 3213 iu
863 3159 906 3214 illa
928 3159 1048 3229 ejmdem
1066 3159 1125 3214 libri
1141 3158 1229 3231 Elegia

162 3246 247 3308 positi
255 3238 354 3295 babent
365 3260 372 3295 ε
384 3238 518 3311 quomodo
530 3239 620 3311 legisse
635 3238 677 3292 ri-
724 3237 823 3308 prima,
835 3256 930 3308 anceps
936 3239 1120 3308 estscriptura,
1134 3257 1158 3290 v.
1168 3236 1216 3291 ὣς

167 3317 246 3372 detur
257 3316 399 3373 Domitius
414 3315 494 3372 Ctor.
514 3319 605 3384 Puri,
620 3317 678 3371 tte-
723 3320 1231 3372 mquamtmeaur,.umomtmrinm

166 3396 230 3465 gius.
244 3396 345 3452 lintres.
726 3392 1231 3465 Quminpotioribusmembranissit,

200 3474 240 3544 75.
262 3476 320 3530 Nor
339 3474 427 3530 Ambo
446 3480 535 3528 noster
550 3483 598 3528 etc
618 3474 677 3528 Nor
724 3479 800 3543 utque
806 3478 933 3527 exestur
940 3478 1027 3526 stitus:
1038 3470 1084 3525 sed
1094 3470 1235 3542 corripitur

167 3550 280 3606 Arabum
297 3559 386 3608 noster
400 3556 468 3607 lona
482 3554 591 3623 capellus
608 3554 675 3615 oter,
726 3570 831 3622 quoque
844 3552 930 3618 Pont,
944 3550 988 3604 lib.
999 3565 1026 3617 ι,
1048 3549 1121 3618 Eleg.
1133 3564 1184 3616 rv,
1201 3545 1233 3600 ad

167 3629 315 3701 Naugerius
334 3652 341 3685 :
358 3632 442 3686 nostri
463 3650 570 3699 omnes,
589 3632 678 3684 Arado
727 3630 874 3695 Rufinum
887 3640 915 3683 et
926 3628 1034 3694 libror,
1047 3626 1185 3680 Mecum.
1197 3640 1233 3679 rt.

167 3725 243 3759 rore:
261 3708 332 3777 quod
348 3719 449 3764 temere
467 3720 571 3764 mutare
586 3708 677 3764 nolim.
728 3707 937 3764 Cicerouietiam
946 3706 973 3759 iu
982 3705 1101 3759 versione
1112 3702 1163 3757 loci
1176 3704 1234 3756 tto-

168 3782 239 3836 Nam
252 3796 280 3838 et
292 3786 335 3839 lib.
351 3803 385 3854 v,
404 3788 516 3842 Metam.
532 3789 678 3854 4⁰5201ere
725 3786 817 3840 meriei
827 3802 834 3836 ε
844 3786 903 3851 Ipse
913 3802 985 3836 sura
994 3784 1135 3836 condens.
1154 3781 1234 3834 Mar·

168 3878 230 3913 cum
241 3871 312 3915 sexto
320 3865 522 3934 casuconjunxit
531 3884 537 3918 :
546 3865 677 3920 ubibabee
726 3863 778 3916 tlali
790 3863 869 3915 etiam
877 3860 943 3914 libro
952 3878 986 3928 x,
1006 3860 1054 3930 Ep.
1068 3863 1114 3922 15,
1132 3869 1161 3912 et
1172 3858 1233 3910 Λιι-

168 3939 265 3992 oleato
276 3942 393 4007 sulphure
411 3949 505 4010 stam
519 3945 679 4012 Palicorum
725 3940 800 3995 sonio
808 3940 838 3993 in
846 3939 1045 4011 epigrammatis
1058 3934 1234 4006 Quarealle-

169 4032 223 4085 quo
229 4014 337 4068 nomine
345 4035 360 4069 a
368 4006 499 4073 Diomede
508 4021 678 4091 grammatico
726 4019 796 4074 tonis
804 4036 887 4071 manu
898 4018 994 4087 opinor
1005 4035 1059 4071 esse
1071 4036 1077 4071 :

170 4102 295 4162 notatur,
310 4102 436 4165 tanquam
448 4097 590 4167 improprie
605 4098 678 4153 locu·
725 4096 1162 4153 usu-tut,1eut=quuorenvt·t·tth
1171 4094 1223 4140 νῖν.
