2790 4696
167 324 212 388 80
523 321 789 391 EPISTOLA
815 326 883 393 IV.

165 461 254 532 Ossa
269 458 334 531 mei
350 455 461 530 fratris
480 456 570 533 clava
586 460 749 561 perfracta
766 460 890 534 trinodi

213 573 341 673 Sparsit
357 571 450 644 humi
471 598 478 641 :
497 602 594 647 soror
610 593 660 649 est
677 575 788 676 prada
804 575 919 649 relicta
934 576 1022 651 feris.

164 692 276 765 Prima
293 692 493 786 securigeras
510 692 598 766 iuter
614 693 735 767 virtute
752 692 880 793 puellas

213 810 261 880 Te
278 807 423 908 peperit,
442 809 511 882 uati
529 808 630 903 digua
646 809 759 903 vigore
776 836 904 908 pareus.

164 926 200 999 Si
219 952 345 1025 quaeras
361 925 422 997 ubi
439 925 502 1011 sit,
521 925 670 999 Theseus
687 924 774 997 latus
791 952 868 997 ense
885 924 1014 1024 peregit
1033 954 1041 997 :

211 1042 280 1114 Nee
298 1057 391 1114 tauto
408 1050 512 1112 mater
527 1040 669 1139 pignere
686 1056 758 1113 tuta
774 1037 848 1111 suit.

163 1158 210 1229 At
226 1184 268 1230 ue
286 1172 391 1255 nupta
409 1155 556 1255 quidem,
577 1155 727 1255 taedaque
745 1171 876 1254 accepta
892 1154 1005 1252 jugali.

212 1272 303 1345 Cur?
318 1271 383 1342 nisi
401 1299 443 1344 ne
462 1299 593 1371 caperes
611 1299 712 1365 regna
729 1287 866 1371 patema
884 1271 1040 1347 nothus..
1130 1316 1138 1325 ·

161 1385 302 1459 Addidit
319 1402 353 1458 et
368 1384 485 1459 fratres
502 1415 541 1459 ex
558 1414 609 1459 me
628 1386 690 1460 tihi
711 1416 718 1458 :
739 1414 823 1484 quos
841 1403 949 1459 tamen
969 1414 1082 1459 omnes

209 1502 287 1575 Nou
305 1528 367 1595 ego
384 1498 524 1573 tollendi
542 1528 653 1588 causa,
672 1501 730 1574 sed
748 1499 803 1573 ille
821 1499 895 1572 suit.

163 1617 195 1689 0
214 1614 342 1690 utinam
358 1616 509 1689 nocitura
526 1614 604 1702 tihi,
623 1613 844 1716 pulcherrime
860 1643 989 1701 rerum,

209 1733 250 1804 ln
266 1731 376 1805 medio
396 1730 471 1804 uisu
489 1730 613 1805 viscera
629 1748 728 1831 rupta
745 1728 876 1803 serent!

1185 1640 1233 1692 125

161 1849 178 1921 1
195 1874 302 1931 nune,
321 1863 355 1920 et
370 1845 480 1920 meriti
496 1844 618 1920 lectum
635 1874 781 1920 reverere
798 1847 961 1946 parentis;

161 2062 205 2116 Sic
214 2060 331 2115 etGrreei
340 2066 465 2130 ἵρχισθαι,
478 2080 526 2131 pro
534 2080 600 2114 esse.
608 2062 672 2115 Pro·

162 2140 260 2209 pertius
269 2140 367 2193 multus
377 2158 480 2208 qrroque
490 2149 528 2192 est
538 2139 567 2191 in
575 2139 623 2192 har
632 2139 673 2191 Ιο-

161 2218 274 2271 rutione.
288 2219 388 2272 Herus.
401 2217 588 2283 Molliustore,
600 2218 620 2271 si
632 2218 672 2272 le-

162 2306 254 2364 gatur,
278 2299 336 2348 sola
355 2314 433 2365 neque
452 2297 523 2356 hec,
551 2297 672 2348 censebat

163 2369 295 2424 Francius.

196 2451 249 2503 118.
262 2447 506 2516 Natr'de'gnasavore
511 2468 614 2517 parens.
624 2451 672 2502 Dr'·

159 2546 211 2595 gna
231 2532 330 2595 rigore,
344 2545 399 2579 uno
417 2546 563 2593 consensu,
577 2536 672 2596 praeter

165 2603 418 2671 Hetmstadiensem,
439 2604 541 2673 seripti;
560 2614 587 2656 et
602 2623 671 2656 vere.

162 2683 253 2748 Silius,
267 2698 317 2749 111,
339 2703 400 2736 112:

258 2773 362 2813 Getidesne
371 2772 462 2811 scandere
470 2779 534 2810 teeunx

162 2846 254 2888 Delicium
264 2852 339 2885 montes
347 2846 421 2897 conjux
429 2846 479 2885 tm?
489 2845 545 2884 erede
553 2846 618 2896 vigori

162 2921 262 2960 Femineo.

162 2996 254 3048 Posset
270 3003 296 3045 et
312 2997 392 3061 ripere
407 2991 457 3061 legi
470 3012 531 3045 eum
547 2991 672 3061 excerptis

163 3071 312 3137 Vossianis,
327 3081 356 3122 ut
371 3088 449 3140 supra
464 3088 471 3123 ε
493 3074 529 3123 Te
546 3077 603 3122 tuus
622 3076 672 3123 iste

162 3159 234 3221 rigor.
254 3150 354 3204 Hmtts.
367 3149 397 3202 si
411 3167 475 3200 vero
486 3148 617 3222 vulgatam
621 3149 672 3215 sa-

163 3252 219 3283 vore
236 3230 304 3283 tueri
320 3229 394 3283 alicui
413 3227 506 3295 tibear,
525 3229 622 3282 reserat
638 3226 670 3279 ad

163 3307 204 3359 itta
217 3325 275 3377 quoe
287 3314 449 3374 sequuntur:

224 3398 267 3438 Nec
275 3406 337 3435 muter
347 3403 401 3434 nuto
408 3396 488 3446 pignere
497 3404 538 3434 tntu
546 3395 591 3433 tuit.

198 3490 251 3521 121.
268 3472 308 3523 At
322 3488 369 3521 nec
385 3475 472 3536 nupta.
491 3467 598 3520 Mottius
614 3476 670 3533 est,

163 3552 192 3596 a!
201 3567 232 3598 ue
243 3554 322 3615 nupta
331 3551 441 3617 parilem,
454 3556 483 3599 ut
495 3558 533 3599 est
546 3547 572 3597 in
586 3545 671 3597 Frau-

165 3625 304 3677 eosurteusi
332 3638 358 3678 et
381 3627 498 3696 plurimis
521 3625 574 3678 aliis
587 3664 595 3692 ,
621 3644 671 3677 ner,

164 3720 219 3755 non
235 3707 262 3756 iu
278 3706 383 3759 vetustis
398 3705 554 3760 editionibus
566 3704 671 3773 aliquot.

156 3778 262 3831 ‘Buum

200 3875 252 3908 raa.
268 3861 308 3910 Νι
315 3879 419 3926 caperes
428 3882 506 3930 regna
511 3869 621 3929 palerna
628 3882 670 3913 no·

164 3935 229 3983 Ibus.
248 3933 316 4004 Lege
335 3949 441 3990 rantum
461 3951 517 3993 erat
537 3961 550 3992 a
572 3940 669 3993 Solone

164 4009 231 4079 apud
252 4012 440 4081 Athenienses,
454 4036 488 4071 ne
507 4020 563 4086 quis
580 4020 670 4069 nothus

719 2061 1131 2133 succederetQuodetcomieus
1138 2069 1228 2137 refert,

721 2142 749 2194 iu
765 2141 881 2206 Avibus,
898 2142 976 2195 166οε

785 2223 852 2290 Νὸθῳ
865 2226 889 2272 di
899 2228 933 2287 μῆ
947 2227 1004 2275 itm
1018 2221 1090 2289 ἄγχο-

788 2307 855 2364 getes
865 2339 872 2365 ,
884 2305 973 2354 suidas
983 2302 1050 2354 turus
1061 2325 1118 2368 γη-

787 2389 851 2434 σι’ων’
865 2383 903 2433 tot-a
916 2385 940 2433 δι’
952 2386 1031 2439 παῖδες

787 2467 825 2520 Μὴ
839 2459 884 2512 ὦσι
895 2464 1003 2524 priseae,
1017 2468 1063 2515 τοῖς

785 2524 909 2603 ἐγγυτάτω
922 2545 963 2589 τοῦ
971 2537 1044 2600 pirrus

786 2620 894 2664 meum
905 2618 949 2662 τῶν
961 2609 1093 2682 χρημᾶτων.

756 2690 808 2753 ιαζ.
824 2684 991 2752 sed1tlefiu‘t.
1001 2686 1058 2735 Non
1067 2702 1114 2749 ego
1124 2687 1238 2739 tollendi

720 2782 806 2819 causa.
814 2764 924 2821 sedillc,
930 2760 987 2829 sui,
998 2758 1110 2811 malebat
1120 2758 1231 2825 Fraue.,

721 2850 749 2891 ut
767 2838 846 2908 Epist.
864 2853 931 2903 vm,
945 2840 995 2903 41:
1016 2838 1054 2888 Tu
1069 2838 1146 2898 midi,
1165 2842 1237 2906 quod

719 2921 884 2983 matn'pater,
898 2933 941 2979 es,¹
952 2915 998 2969 sed
1010 2934 1103 2984 parurn
1114 2915 1205 2969 refert.

754 3010 807 3061 ¹²7·
820 2993 919 3053 Ixuuc,
927 2997 1051 3043 ctnreritr'.
1060 2989 1156 3059 Seripti
1164 3008 1231 3043 non·

719 3067 784 3122 nulii
794 3075 927 3133 rinmerr'tr‘,
939 3070 979 3123 vel
990 3111 996 3137 ,
1007 3075 1112 3123 ementi.
1130 3070 1161 3123 ln
1175 3069 1230 3137 qui·

719 3147 829 3202 busdam
842 3161 916 3203 retus
928 3151 1004 3202 lectio
1017 3159 1055 3202 est
1071 3168 1150 3202 erasa.
1170 3148 1229 3200 Ex-

719 3238 806 3297 cerpta
825 3229 912 3282 Jureti
930 3239 956 3281 et
972 3226 1117 3282 Helmstad.
1129 3232 1169 3279 sic
1181 3244 1229 3277 me·

719 3310 769 3357 riti.
783 3307 950 3373 Puteaneus,
968 3310 992 3358 it
1001 3310 1101 3367 mereti,
1116 3323 1131 3355 a
1147 3320 1229 3356 manu

720 3384 812 3452 prima.
824 3386 910 3456 Lego:

719 3475 728 3510 1
738 3488 788 3512 nune
794 3503 801 3522 ,
811 3476 816 3512 i
826 3475 905 3521 ,tremiti
915 3475 988 3512 tectum
997 3485 1085 3511 reverere
1091 3470 1185 3522 purentis-

719 3571 752 3588 -
764 3547 909 3617 Repererat
920 3548 1067 3599 Burmann.
1077 3546 1105 3597 in
1114 3545 1231 3597 Franco-

718 3625 781 3678 surt.
796 3626 936 3695 excerptis,
958 3637 984 3679 et
1003 3626 1030 3677 in
1051 3634 1149 3677 textum
1162 3641 1231 3676 een-

718 3712 805 3755 suerat
816 3703 996 3756 inducendum
1007 3705 1117 3767 :Inunc,
1129 3707 1168 3754 sic
1177 3719 1231 3753 ›xe-

717 3786 816 3833 n'tr‘etr⁴
825 3781 896 3834 Nihil
904 3792 991 3835 tamen
999 3779 1173 3841 mutandum,
1185 3776 1229 3830 sed

718 3858 898 3911 observatione
923 3859 1031 3931 dignam
1058 3857 1230 3926 judicavimu«

717 3935 847 4005 insignem
880 3938 995 3990 mulieris
1029 3934 1229 4004 impudentiam.

717 4044 750 4054 —
766 4017 870 4067 lectum
888 4036 997 4068 reserere
1004 4018 1135 4081 patratas.
1150 4015 1230 4079 Quem

164 4091 190 4141 iu
209 4098 346 4156 paternam
363 4090 534 4146 hereditatem
551 4114 669 4163 unquam
710 4095 843 4162 septem.
855 4094 945 4162 Quam
959 4093 1088 4148 dissimilis
1103 4090 1230 4143 meretrix
