2790 4696
157 296 204 391 96
409 294 662 368 SIDRONII
692 295 956 367 HOSSCHII

87 452 92 459 '
156 436 205 509 Ut
219 430 340 534 pelago
358 462 474 540 rupes,
494 436 556 509 tibi
572 436 620 509 sic
635 435 729 532 rigor
746 434 801 511 ille
818 437 958 511 resistet.

207 550 341 627 Sentiar
355 552 421 627 hoc
438 579 505 627 uno
522 549 572 623 vir
589 549 668 639 tibi,
684 550 841 640 Phaedra,
859 550 973 626 modo.

155 665 288 741 Interea
303 686 401 771 caput
416 666 498 753 hoc,
516 663 651 739 incenso
667 663 781 741 dolore
797 665 954 768 repulse,

204 781 304 857 Mitte
319 811 380 884 per
395 778 546 867 insidias,
567 778 665 855 docta
680 810 838 871 noverca,
856 800 943 884 pete.

158 899 213 973 Er
230 899 354 1000 quibus
370 913 409 970 ut
424 912 553 997 partem
569 897 726 986 vitemus,
744 926 815 971 non
833 916 943 972 tamen
961 923 1092 983 omncs,

208 1008 404 1111 Quamlibet
419 1008 573 1084 admissis
590 1010 787 1105 effugiemus
800 1012 905 1112 equis.

159 1127 235 1203 Sive
252 1144 361 1201 tamen
376 1122 464 1199 terro
482 1153 535 1198 rue
551 1124 684 1227 perdes,
700 1125 769 1201 sive
785 1154 929 1213 veneno,

207 1240 337 1327 Multo,
357 1267 455 1340 qnam
472 1268 561 1315 nunc
578 1268 632 1328 es,
650 1239 759 1315 lenior
774 1241 882 1316 hostis
900 1241 973 1315 eris.

159 1360 239 1435 Non
254 1385 333 1453 ego,
348 1384 390 1429 ne
408 1383 557 1457 peccem,
576 1354 719 1457 discerpi
733 1357 769 1430 iu
786 1355 890 1431 frusta
901 1383 1027 1430 recuso.

208 1472 320 1573 Sepe,
340 1469 433 1571 quod
449 1487 501 1543 est
515 1469 637 1545 durum
653 1468 763 1567 serre„
776 1471 891 1547 tulisse
900 1473 1000 1572 juvat.

157 1588 205 1663 Et
217 1587 326 1689 juvat,
345 1602 379 1661 et
395 1584 574 1688 pulchrum
588 1602 640 1661 est
656 1587 731 1662 vitre
749 1588 902 1689 preferre
919 1586 1103 1689 pudorem:

209 1704 265 1778 Sic
282 1702 515 1778 occumbentes
530 1731 621 1777 mors
637 1720 726 1777 vetat
742 1705 816 1806 ipsa
829 1705 921 1778 mori.

157 1822 329 1895 Eventura
347 1846 430 1893 cano
445 1848 454 1894 :
471 1818 518 1893 sic
535 1818 635 1893 nobis
652 1821 781 1895 somnio
796 1820 930 1894 dictant.

208 1935 288 2009 Non
306 1962 378 2008 mea
395 1950 474 2008 sunt
490 1931 583 2008 nulta
599 1935 728 2009 somnia
744 1935 845 2031 digna
860 1934 935 2010 fide.

159 2048 259 2146 Nunc
277 2046 449 2123 deturbari
465 2049 581 2125 videor
596 2050 680 2125 mihi
697 2051 840 2152 rupibus
857 2048 952 2138 altis3

211 2164 253 2237 In
270 2192 359 2237 mare
377 2193 467 2239 nunc
483 2166 605 2261 mergi,
624 2166 873 2268 vorticibusque
891 2166 1007 2267 premi.

159 2282 260 2356 Nunc
278 2280 361 2354 mihi
377 2282 553 2355 nocturnis
569 2280 744 2355 fodiuntur
758 2282 882 2356 uiscera
894 2279 985 2370 telis,

211 2394 342 2497 Perque
360 2424 434 2483 cor,
454 2413 487 2467 et
501 2423 600 2469 renas
618 2396 707 2469 ensis
724 2394 833 2468 inanis
849 2394 928 2469 obit.

160 2511 347 2595 Excutiunt
362 2509 501 2611 pavidos
519 2509 692 2583 simulacra
704 2508 844 2581 minacia
861 2535 1012 2595 somnos,

209 2628 257 2700 Et
272 2625 366 2721 vigili
382 2654 495 2727 quaero
513 2625 649 2699 vulnera
662 2652 745 2697 vana
761 2649 871 2694 manu.

162 2744 260 2817 Nunc
277 2742 359 2816 loris
375 2743 466 2817 velut
483 2740 680 2841 implicitus,
699 2757 895 2840 raptorque,
912 2737 1109 2837 trahorque;

213 2860 356 2958 Quaque
370 2858 499 2945 trahor,
519 2857 636 2953 longas
653 2857 812 2953 sanguine
830 2858 926 2953 signo
942 2857 1020 2929 vias.

164 2974 282 3049 Astitit
298 2973 368 3073 ipse
383 2971 488 3067 nigris
504 2971 691 3073 Morpheus
708 2971 790 3045 mihi
806 3000 914 3074 nuper
929 2972 964 3045 in
980 2971 1057 3060 ulis,

213 3091 259 3161 Et
275 3085 413 3188 querulo
432 3083 513 3160 tales
527 3085 631 3160 edidit
646 3115 701 3161 ore
718 3115 841 3162 sonos:

164 3201 283 3275 Infelix
296 3202 443 3300 juvenis,
460 3220 533 3289 tuo,
552 3203 580 3276 si
593 3221 705 3303 potes,
723 3202 831 3299 effuge
848 3203 924 3278 sata.

212 3318 292 3389 Non
307 3316 369 3389 tibi
383 3343 566 3390 norvenos
585 3317 701 3416 objicit
716 3336 786 3392 atra
801 3336 919 3392 metus.

165 3432 252 3505 Mox
270 3432 427 3507 inhibens
444 3460 577 3506 cursum
590 3432 748 3528 fugientis
763 3463 771 3506 z
785 3433 871 3507 Siste
889 3432 1082 3533 quadrigas,

215 3547 346 3645 lnquit,
361 3547 396 3619 in
410 3546 545 3646 ancipiti
560 3574 601 3621 ne
617 3545 756 3621 lacerere
768 3546 855 3642 fuga.

166 3656 222 3731 Sic
239 3659 302 3745 ait,
315 3679 349 3734 et
362 3689 500 3735 somnus
515 3689 567 3735 me
585 3660 755 3737 deseruere
771 3663 928 3763 Deusque
943 3694 951 3736 :

215 3772 263 3843 At
276 3800 346 3845 non
364 3774 509 3850 deseruit
525 3792 660 3877 pectora
676 3794 791 3851 nostra
806 3805 918 3877 pavor.
1183 3800 1236 3855 tro

165 3884 251 3961 Inde
268 3886 348 3981 vigil
364 3916 493 3965 mecum
509 3908 658 3993 repetens
675 3920 747 3965 mea
761 3891 903 3981 somnia,
922 3892 1010 3968 dixi:

217 4006 296 4081 Nox
310 4005 415 4104 aperit
430 4008 545 4096 nobis,
563 4009 656 4109 quod
672 4008 754 4085 seret
769 4036 836 4085 una
853 4008 932 4085 dies.
