2790 4696
162 321 204 406 48
584 323 628 389 Α.
655 320 833 392 samm

161 459 275 556 Quum
292 474 468 560 properata
485 457 593 561 palam
609 479 775 536 revocaret
790 460 930 534 stamina
945 457 1068 548 noctis,

209 578 321 676 Atque
338 576 458 648 iterum
476 576 510 648 iu
528 574 619 650 lanas
637 606 732 651 omne
749 576 872 651 rediret
889 604 985 676 opus.

157 691 207 763 'At
223 708 280 763 tua
296 718 338 763 ne
354 690 485 785 fugiant
501 692 605 791 spreti
622 690 791 765 connubia
807 690 970 777 Thraces,
1192 711 1226 763 85

208 801 333 903 Phylli,
354 803 448 877 times
467 802 553 879 :ulli
569 806 712 894 uuhere,
732 804 830 892 dura,
848 806 960 904 potes!

160 921 286 1019 Estque
304 919 368 993 tibi
384 937 501 1020 pectus
518 920 677 1022 cujusque
695 920 847 994 accedere
865 920 988 994 taedas?

210 1034 336 1106 Obstat
351 1032 497 1134 perfidie
513 1062 574 1108 nec
591 1053 699 1108 metus
716 1037 778 1108 iste
796 1037 884 1109 tuae?

159 1148 236 1222 Ah!
256 1149 319 1222 tibi
338 1165 482 1248 quantus
500 1149 564 1221 erit
579 1149 658 1224 sacti
676 1151 797 1224 rubor!
816 1150 874 1224 ah!
894 1151 957 1223 tihi
974 1167 1117 1250 quantus

210 1264 298 1336 Tum
317 1262 428 1351 dolor,
447 1263 610 1364 adspicies
629 1293 731 1365 quum
748 1294 822 1339 mea
837 1264 909 1339 vela
925 1263 1058 1366 procul!
1192 1304 1227 1356 90

160 1378 409 1478 Damnahisque
428 1395 504 1452 tuos
522 1405 595 1452 sero
613 1381 784 1454 temeraria
801 1384 958 1482 questus!

210 1491 452 1593 Demophoon,
471 1492 576 1583 (lices,
594 1493 651 1567 hei
666 1494 765 1583 mihi,
783 1494 870 1567 fidus
888 1496 973 1568 erat!

161 1608 386 1710 Demophoon
403 1608 518 1696 rediit,
537 1625 571 1682 et
587 1637 691 1683 saevos
708 1609 846 1685 forsitan
863 1614 972 1686 Euros

211 1724 350 1812 Passus,
369 1739 403 1795 et
418 1721 575 1798 hibernas
589 1724 668 1798 dum
687 1753 820 1826 quoque
838 1727 942 1801 currit
958 1751 1068 1826 aquas.

162 1839 234 1914 hh!
246 1868 306 1912 cur
314 1838 425 1912 nescio
439 1867 537 1939 quam
548 1842 814 1941 properavimus,
827 1842 882 1916 hei
894 1843 994 1916 mihi!
1014 1839 1168 1942 culpam?
1194 1866 1228 1932 95

213 1955 322 2054 Rupi,
343 1983 442 2054 qnam
459 1972 592 2057 ruptam
606 1984 680 2030 sum
695 1957 779 2030 mihi
796 1974 925 2058 questa,
944 1956 1052 2030 fidem.

165 2074 220 2147 Sic
239 2089 364 2161 tamen,
383 2100 420 2145 ac
437 2073 550 2173 potius
568 2073 776 2173 superstes,
797 2102 895 2175 quam
911 2074 993 2146 mihi
1011 2072 1052 2146 de
1070 2090 1102 2146 tc

213 2188 361 2264 Ulterior
378 2204 492 2283 tangat
508 2206 660 2288 pectora,
679 2186 807 2289 Phylli,
826 2186 937 2262 dolor!

205 2381 246 2434 83.
272 2382 416 2434 Renocoret
442 2384 554 2432 stamina
582 2386 673 2434 noctis.
721 2401 883 2454 quamquam
903 2383 965 2437 locis
990 2382 1022 2435 ab
1042 2382 1229 2452 interpolatrici

166 2460 275 2515 Scribe:
721 2482 803 2517 manu
813 2464 968 2534 plerumque
977 2461 1044 2515 male
1057 2461 1172 2531 acceptis
1193 2461 1228 2512 ll.

165 2552 320 2601 mmmm
327 2547 390 2599 ⁹¹¹⁰
395 2547 672 2588 monmtssmtmoem.
754 2545 795 2614 94.
811 2544 920 2604 Passus,
933 2547 962 2594 ct
971 2543 1089 2592 hibernas
1098 2542 1156 2591 dun
1169 2557 1231 2607 quo-

166 2623 249 2677 turn
258 2623 348 2683 Noctu,
358 2639 440 2690 marg.
447 2620 674 2688 Bersmanni,rec·
721 2639 768 2688 que
776 2624 854 2672 cuni!
861 2637 948 2686 aquas.
961 2616 1050 2669 Prima
1061 2613 1155 2678 editio,
1171 2618 1231 2666 dum

167 2711 193 2754 te
204 2719 211 2755 :
222 2711 252 2753 ut
258 2703 348 2767 palan
358 2699 391 2752 sit
403 2697 474 2765 luce,
486 2698 609 2753 interdiu.
620 2699 673 2752 rid.
722 2715 815 2765 quoque
829 2698 916 2747 credat.
933 2691 1036 2744 Eruditi
1053 2699 1142 2740 autem
1158 2691 1231 2742 varie

167 2779 199 2832 ad
213 2780 278 2833 Nuc.
290 2781 343 2846 ¹47·
353 2794 413 2829 cum
423 2775 555 2846 Penelope
564 2778 676 2830 stamina
724 2783 867 2827 tentarunt.
889 2770 1029 2832 Heinsius,
1041 2768 1099 2818 dum
1109 2785 1232 2833 propem-

161 2861 251 2926 palanr
263 2865 414 2926 properata,
423 2864 558 2908 revocaret
568 2861 651 2908 noctu.
723 2859 770 2914 nit,
780 2851 834 2919 vel,
844 2850 982 2917 durnfinlo
992 2852 1074 2901 euml.
1094 2847 1230 2917 Francius,

199 2936 240 3002 84.
259 2936 339 2986 Onne
346 2934 449 2997 udins,
462 2934 676 3001 Reneretconje-
723 2935 772 2984 huc
783 2934 829 2983 ubi
840 2934 923 2982 curn'l.
943 2928 1125 2992 Burmannus,
1144 2935 1173 2978 et
1189 2931 1232 2980 nr·-

167 3022 240 3069 cerat
251 3010 383 3065 Heinsius.
723 3014 828 3070 bernus,
847 3009 905 3059 duni
927 3009 1000 3059 nolo
1023 3011 1122 3066 conat,
1143 3025 1230 3075 aquas.

200 3092 241 3163 87.
252 3092 347 3157 Estque
355 3092 406 3143 oti
406 3095 496 3158 pectus
503 3090 622 3160 cujusque
629 3105 676 3139 ao-
724 3084 792 3139 Mihi
808 3082 949 3154 legendum
963 3081 1085 3143 videtum
1101 3087 1129 3133 et
1144 3085 1231 3135 hiben-

167 3174 257 3227 cedere
270 3170 359 3221 tedas.
372 3170 456 3222 Puto:
723 3183 785 3226 nas,
804 3166 863 3216 lune
881 3181 960 3231 neque
978 3166 1069 3224 curat,
1089 3179 1176 3229 aquas.
1197 3187 1231 3201 -

168 3256 228 3294 Estne
236 3249 638 3303 stbipsemujnsqmnmdmtaerb.
724 3242 846 3295 Lssunnp,

168 3328 223 3396 vel,
236 3328 373 3381 accendere
383 3328 470 3377 tedas.
484 3324 566 3376 lunt.
577 3340 676 3375 accen-
756 3324 797 3394 95.
814 3322 857 3373 Ar
868 3317 875 3370 ‚¹
886 3338 933 3371 cur
939 3323 1024 3371 nescio
1032 3336 1106 3386 quam
1110 3336 1232 3385 propera-

168 3410 226 3461 den·
236 3409 328 3467 ladas,
339 3405 393 3471 jam
404 3401 562 3456 Passeratius
571 3399 602 3453 ad
613 3400 677 3453 Pro·
725 3404 803 3453 sensus
814 3408 862 3451 etc.
872 3399 986 3450 Versum
999 3397 1070 3450 hunc
1079 3397 1135 3449 sine
1151 3395 1232 3448 dubio

169 3495 235 3555 pert.
255 3498 298 3535 ιιι.
323 3482 395 3552 Eleg.
414 3480 450 3532 18.
462 3496 518 3548 pag.
533 3476 589 3531 523.
608 3496 677 3547 pro·
724 3476 931 3547 corruptum,ita
941 3477 1066 3531 Francius
1074 3474 1232 3544 refingebat:

169 3561 286 3614 cluserat.
727 3558 783 3609 Ant
791 3575 838 3609 cur
843 3562 928 3608 nescio
941 3575 1014 3625 quarn
1029 3556 1165 3622 properari
1177 3570 1233 3603 cn·-

210 3657 250 3709 9²·
267 3639 446 3704 Demophoon,
467 3635 545 3686 lices.
563 3635 675 3697 Dicens,
725 3639 784 3688 dene
795 3639 901 3703 enham.
924 3635 992 3688 Satis
1008 3644 1079 3687 certe
1094 3629 1234 3684 commoda

172 3712 313 3767 Heinsius:
326 3715 361 3767 ita
373 3713 465 3766 Dousa
475 3721 629 3765 correxerat.
726 3714 871 3767 sententia:
883 3714 961 3782 possit
971 3712 1072 3766 veroin
1083 3728 1190 3764 sensum
1201 3707 1234 3761 il-

203 3791 243 3863 93.
259 3793 423 3861 Demophoon
436 3793 503 3844 ndi!
514 3793 570 3842 huc.
589 3792 680 3842 Redin
726 3790 782 3843 lum
796 3790 875 3843 etiam
887 3790 923 3841 ita
933 3790 998 3860 legi:
1011 3790 1068 3843 At!
1079 3806 1135 3847 cur,
1148 3790 1234 3838 nesce'o

170 3879 241 3921 recte
258 3870 342 3939 prima
360 3870 447 3924 editio.
465 3869 591 3923 Producit
606 3868 678 3921 enim
726 3886 799 3937 quan
806 3886 944 3935 properans
954 3866 1233 3939 nihifingereculpan,

172 3943 292 3999 ultimam
307 3948 430 4020 syllabam
444 3948 474 4000 iu
491 3950 581 4009 ndns,
596 3949 677 4008 adrat,
726 3945 967 4015 nptesctusrar.
979 3945 1115 4015 Ingeniose
1126 3939 1235 4008 quidem

170 4025 252 4085 ubist,
272 4028 457 4088 subst't,1‘nr‘r‘t‚
481 4022 609 4090 Ovidius,
629 4041 680 4075 nec
727 4033 871 4089 tentatum
889 4022 933 4076 sed
947 4022 1069 4076 audacter
1084 4018 1179 4086 nimis,
1194 4016 1235 4071 sel

170 4102 226 4155 sine
248 4101 358 4157 aliorum
380 4114 519 4173 poetarum
541 4100 677 4172 exemplo,
728 4103 756 4156 iu
768 4101 1024 4157 Pseudo-Sabinum.
