2790 4696
456 1056 775 1147 EPISTOLAE
805 1061 1014 1179 snx‘rn

539 1298 934 1368 ARGUMENTUM.

247 1534 346 1610 Quum
362 1535 393 1594 in
408 1531 596 1613 Colchidem,
615 1533 705 1597 vellus
720 1555 837 1596 aureum
858 1534 944 1618 Peliae
957 1533 1039 1616 jussu
1054 1531 1193 1597 relaturus
1207 1535 1270 1599 velt

207 1639 284 1701 daret
296 1641 402 1718 Jason,
416 1640 490 1701 inter
504 1639 691 1725 navigandum
704 1641 835 1702 Lemnon
849 1639 974 1722 adpulit,
988 1639 1037 1700 ubi
1047 1639 1081 1700 ab
1092 1640 1271 1723 Hypsipyle,

206 1768 271 1826 quse
293 1765 414 1831 regnum
439 1745 479 1806 ibi
501 1744 665 1822 obtinebat,
681 1745 825 1828 hospitio,
843 1747 976 1826 lectoque
1001 1747 1088 1806 amice
1113 1759 1269 1828 exceptus,

205 1849 278 1912 duos
302 1871 392 1913 annos
415 1850 533 1934 exegit,
559 1850 666 1915 Ovidis
681 1864 772 1929 teste,
796 1850 942 1914 Colchidis
963 1873 1081 1933 prorsus
1106 1864 1134 1912 et
1155 1850 1267 1913 velleris

147 1958 150 1979 ¹
203 1954 363 2016 immemor.
386 1955 444 2017 Sed
458 1955 628 2017 instantibus
644 1957 747 2030 sociis,
763 1977 800 2017 ne
818 1955 873 2017 sibi
890 1968 921 2018 et
933 1955 997 2018 latis
1013 1956 1123 2018 deesset
1139 1955 1269 2034 diutins,

203 2060 344 2144 gravidam
363 2060 541 2144 Hypsipylen
554 2060 687 2141 reliquit,
698 2060 855 2123 cediturnm
865 2083 895 2124 se
906 2063 1056 2136 Lemnon,
1071 2074 1100 2122 et
1111 2061 1264 2123 ducturum

202 2187 317 2227 uxorem
344 2167 449 2228 iterum
471 2178 555 2247 atque
578 2165 682 2227 iterum
712 2167 867 2248 pollicitus.
898 2167 956 2229 Sed
971 2169 1018 2232 vix
1035 2167 1161 2229 Colchos
1176 2166 1266 2230 adve-

200 2269 305 2331 nientis
321 2291 418 2332 amore
432 2270 545 2331 incensa
555 2271 672 2348 llledes,
688 2271 784 2333 AEetae
799 2274 874 2355 regis
889 2272 965 2350 filis,
983 2274 1096 2355 sopito,
1111 2273 1160 2354 qui
1173 2271 1266 2336 vellns

199 2372 396 2450 custodiebat,
422 2375 562 2453 dracone,
580 2377 725 2456 tantisque
752 2375 889 2452 subactis,
910 2397 1025 2436 aureum
1049 2377 1138 2441 vellus
1162 2377 1265 2439 Jasoni

199 2476 329 2557 tradidit,
344 2491 372 2540 et
385 2501 451 2541 cum
463 2477 526 2562 ipso
539 2492 652 2557 avecta,
667 2481 698 2540 in
710 2479 882 2540 Thessaliam
899 2479 1021 2541 devenit.
1087 2528 1094 2551 ,

239 2585 315 2658 Quae
329 2607 418 2667 quum
432 2586 591 2668 Hypsipyle
605 2584 679 2645 lorte
698 2583 875 2659 rescivisset,
894 2583 965 2643 hanc
984 2584 1144 2664 Epistolam
1159 2586 1267 2647 Jasoni

198 2687 306 2764 mittit,
326 2712 381 2770 qua
403 2702 433 2752 et
450 2688 574 2772 peffidise
594 2690 705 2773 arguit,
726 2700 756 2748 et
770 2710 835 2769 quae
849 2687 918 2748 mala
936 2689 1083 2748 imminent
1106 2687 1268 2755 ominatur.

196 2794 280 2871 Plum
291 2793 327 2855 de
335 2790 575 2877 Hypsipyleepnd
587 2793 685 2875 Apoll.
697 2793 793 2856 Hhod.
810 2812 880 2856 1.-
890 2795 961 2856 Stat.
977 2792 1068 2855 Theb.
1086 2810 1120 2853 lv
1134 2803 1204 2853 etv.
1218 2828 1262 2840 -

199 2898 293 2960 Valet.
307 2897 399 2961 Flecc.
422 2898 666 2983 11.-Apollod.
683 2917 712 2977 1,
726 2920 762 2983 9;
780 2916 836 2978 ιιι,
855 2897 884 2962 6.
897 2931 939 2949 -
952 2899 1060 2987 Hygin.
1084 2897 1137 2976 15,
1154 2898 1203 2980 74.
