2754 5160
362 21 1275 417 u

97 781 100 786 “
162 817 225 890 170
423 818 452 869 s
484 794 750 878 nrrsrona
777 796 891 868 1111.

157 937 227 1009 Nec
244 931 410 1035 qnondam
426 930 567 1035 placuit,
584 964 645 1011 uec
660 965 751 1011 nunc
767 934 948 1038 placuisset
964 935 1109 1027 Achilli,
1164 988 1168 997 ·
1188 964 1219 1017 st

206 1050 362 1123 Abducta
378 1048 514 1123 viduum
530 1050 672 1149 conjuge
689 1051 767 1126 llere
785 1051 903 1125 virum.

160 1164 245 1261 Quae
260 1190 333 1236 mea
350 1161 493 1238 celestes
511 1164 631 1263 injuria
648 1164 726 1239 lecit
743 1165 903 1266 iniquos?

205 1279 309 1375 Quod
323 1279 420 1367 mibi,
438 1308 486 1356 vae
502 1281 642 1356 miserae!
661 1280 754 1355 sidus
771 1280 888 1357 obesse
906 1284 1054 1381 (11111111

158 1394 262 1468 Parva
278 1423 350 1468 mea
366 1395 438 1469 siue
455 1413 559 1470 matre
575 1394 642 1485 sui;
660 1414 755 1497 pater
772 1425 860 1472 anna
878 1397 1029 1474 serebat:

207 1512 266 1598 Et,
286 1511 353 1585 duo
371 1540 475 1613 quum
490 1513 616 1599 vivant,
635 1515 720 1588 orba
736 1513 871 1589 duobus
887 1544 985 1589 eram.
1190 1554 1220 1611 9·

158 1627 236 1698 Non
253 1626 316 1699 tibi
332 1625 510 1702 blanditias
526 1628 659 1729 primis,
678 1658 751 1705 mea
766 1649 886 1719 mater,
906 1632 942 1704 in
960 1632 1059 1706 annis

206 1743 337 1815 Incerto
354 1742 457 1816 dictas
475 1770 531 1816 ore
549 1741 661 1844 puella
680 1743 752 1818 tuli.

157 1856 235 1928 Non
252 1884 314 1951 ego
331 1857 458 1957 captavi
473 1857 633 1933 brevibus
651 1875 709 1932 tua
727 1857 813 1933 colla
828 1858 979 1934 lacertis:

205 1972 274 2045 Nec
291 1971 416 2066 gremio
433 1972 503 2046 sedi
521 1975 647 2049 sarcina
663 1993 757 2069 grata
775 1992 844 2048 tuo.

158 2087 236 2158 Non
252 2084 361 2161 cultus
379 2087 442 2161 tibi
459 2117 538 2164 cura
553 2090 619 2164 mei
633 2120 641 2164 τ
655 2118 733 2176 nec,
748 2107 844 2191 pacta
856 2087 997 2178 marito,
1191 2112 1221 2179 95

206 2203 329 2275 Intravi
347 2202 525 2292 thalamos,
543 2223 647 2280 matre
664 2223 815 2307 parante,
834 2233 951 2278 novos.
1210 2214 1213 2218 ’

159 2318 269 2393 Obvia
283 2321 469 2421 prodieram
482 2322 595 2396 reduci
613 2322 693 2410 tibi;
712 2350 788 2395 vera
804 2319 955 2393 fatebor:

206 2435 274 2507 Nec
291 2434 389 2510 facies
406 2435 505 2509 nobis
522 2454 603 2510 nota
618 2435 766 2538 parentis
784 2450 862 2507 erat.

156 2550 204 2623 Te
223 2569 331 2626 tarnen
349 2581 419 2626 esse
437 2553 604 2641 Helenen,
624 2552 716 2654 quod
734 2579 804 2626 eras
817 2547 1056 2651 pulcherrima,
1076 2547 1175 2622 sensi.

204 2671 282 2769 Ipsa
298 2670 507 2772 requirebas,
528 2688 600 2770 qu'ae
619 2669 681 2744 tibi
699 2685 776 2742 nata
793 2667 889 2740 loret.
1178 2700 1218 2737 ιω

158 2783 237 2854 Pars
251 2783 320 2857 haee
338 2814 404 2857 una
421 2785 504 2857 mibi
523 2785 644 2883 conjux
661 2784 746 2857 bene
765 2782 863 2856 cessit
880 2782 1041 2854 Orestes:

205 2895 240 2970 Is
259 2927 408 2998 quoque,
427 2900 462 2971 ni
481 2930 543 3001 pro
561 2931 595 2975 se
614 2918 757 3002 pugnet,
775 2898 925 2973 ademtus
942 2895 1015 2969 erit

157 3013 302 3112 ¹Pyrrhus
320 3013 422 3089 babet
438 3034 583 3117 raptam,
603 3016 721 3090 reduce
735 3033 767 3089 et
785 3015 908 3088 victore
926 3029 1086 3114 parente:

206 3130 332 3204 Munus
351 3149 384 3204 et
400 3131 465 3205 hoc
481 3133 582 3205 nobis
600 3131 711 3206 diruta
726 3132 828 3230 Troja
845 3129 945 3204 dedit.

187 3284 227 3336 85.
235 3287 569 3353 Necquondamplacue'tetc.
577 3285 662 3338 Testis
711 3284 851 3355 aliquando
860 3284 986 3355 vagitum,
994 3276 1219 3351 etloquiprimum

155 3362 303 3423 Homerus,
321 3362 351 3415 ll.
361 3371 388 3418 A.
712 3370 810 3417 r'ncerla
821 3383 883 3416 voce
893 3362 1010 3415 lentavit.
1021 3382 1043 3411 n,

187 3440 227 3510 87.
241 3442 372 3506 Qaoemea.
387 3440 463 3492 Alter
474 3438 661 3505 blentelianus,
743 3461 783 3513 99.
808 3443 843 3492 Te
864 3447 947 3492 tamea
963 3457 1022 3491 esse
1040 3438 1157 3489 Helenen
1173 3442 1219 3487 eto

153 3521 221 3589 quod
236 3538 314 3571 mea:
333 3526 385 3571 tres
400 3517 501 3586 scripti,
514 3537 568 3586 puae
585 3520 664 3569 me'he':
711 3518 841 3588 Lepidum
863 3538 925 3572 sane
941 3527 969 3570 et
991 3513 1174 3586 ingeniosum,
1193 3518 1218 3562 st

154 3597 306 3668 elegantius.
464 3615 465 3618 ¹
710 3615 772 3649 vere
798 3594 977 3656 Ouidianum
997 3591 1045 3645 sed
1065 3586 1219 3661 ingeniosius

187 3696 227 3748 9¹·
241 3678 297 3728 Noa
306 3677 556 3727 tibitlandioasetc.
565 3673 663 3726 Plenus
710 3675 812 3740 forsan,
826 3692 905 3742 quam
923 3668 993 3742 quod
1010 3669 1044 3722 de
1060 3670 1117 3739 ipsa
1138 3675 1217 3720 matre

154 3752 196 3806 bic
208 3755 330 3820 affectus,
348 3763 375 3806 et
388 3752 495 3822 quidem
510 3751 661 3818 tenerrimi,
712 3763 773 3805 nata
785 3751 943 3822 praedicaret.

153 3851 257 3895 sermo,
271 3831 342 3901 quod
355 3851 387 3884 eo
402 3830 549 3884 notandum
565 3830 662 3900 magis,
747 3849 800 3882 101.
811 3832 875 3882 Pars
887 3830 942 3879 hec
951 3844 1002 3878 rua
1014 3821 1219 3911 1111111ωῂ1-

154 3928 206 3976 quo
222 3909 290 3979 apud
304 3911 431 3964 Nostrum
445 3910 557 3962 occurrit
573 3909 662 3960 rarius.
711 3908 832 3972 meratis,
846 3924 909 3974 quas
916 3901 1078 3973 pertulerat,
1091 3899 1219 3954 calamit:-

154 3987 308 4056 Euripidem
317 3987 385 4042 dicas
395 3988 428 4040 ob
437 3988 524 4041 oculos
534 3987 661 4053 babuisse,
711 3986 793 4050 tibus,
809 3994 835 4036 et
842 3983 912 4051 satis
924 3978 1123 4046 contmsiasalae
1132 3993 1220 4044 sepes-

156 4064 224 4133 apud
237 4085 316 4134 quem
328 4077 382 4118 tam
396 4066 510 4136 ingenue
528 4064 663 4135 Iphigenia
710 4067 781 4119 dens.
791 4059 985 4116 hocunumsibi
994 4047 1220 4127 3111111111,ῳά

154 4141 186 4193 ad
200 4153 318 4212 patrem:
336 4146 384 4211 (111
396 4148 482 4198 Aaou.
499 4144 588 4209 1220.)
710 4144 805 4210 conjux
824 4142 858 4194 illi
884 4140 993 4192 Orestes
1010 4135 1126 4190 cesserit.
1154 4132 1220 4201 Qu!

155 4225 233 4293 Πρώτη
243 4215 260 4276 α’
268 4224 361 4276 insilere
368 4220 662 4298 1ατίρα,καὶσῦπαῖδ’ἶμ1.
711 4229 800 4271 lamen
807 4219 920 4285 felicilas,
930 4233 1011 4285 quam
1021 4213 1131 4279 lubrica,
1141 4224 1218 4281 ΨΜ

153 4301 232 4370 llpoirt
244 4306 277 4364 dl,
290 4305 368 4366 ps'oaat
380 4313 441 4356 estse
450 4311 517 4368 σῶμα
529 4288 587 4354 dces,
599 4302 661 4367 ι’μὶν,
784 4301 811 4339 Ni
820 4314 855 4351 ΡΝ
863 4312 882 4336 ’θ
890 4308 973 4349 pugnet.
984 4299 1074 4336 “lenm
1082 4295 1137 4334 ‘¹²²¹'

151 4379 626 4450 1115ῑίχάριταεῖδωκκ,κᾷντεθιξάμην.
751 4376 804 4440 104.
831 4374 968 4424 Munere!
984 4375 1033 4424 hoc
1048 4373 1124 4422 noblis
1142 4371 1222 4422 lind!

193 4471 233 4524 91.
257 4455 356 4506 Incerto
376 4477 426 4508 ore.
450 4458 585 4509 Imitatum
606 4455 661 4508 haec
715 4453 792 4517 Troja
806 4454 883 4503 dedit.
904 4450 973 4519 Quis
989 4467 1045 4501 non
1064 4444 1221 4500 videohunc

156 4529 327 4599 Quinctilium.
338 4570 345 4596 ,
358 4531 399 4586 lib.
412 4549 422 4584 1
433 4573 440 4599 ,
451 4534 662 4587 notavitDouza:
709 4530 862 4593 lectionem,
881 4548 939 4598 quae
955 4528 1084 4595 optimam
1103 4522 1221 4578 continet

153 4633 166 4655 «
178 4610 216 4662 lta
225 4609 327 4660 tuturus
338 4607 573 4677 eloquentissimus,
581 4611 663 4664 edidit
710 4608 884 4676 seutentiam,
894 4606 977 4658 multo
985 4605 1028 4657 illa
1036 4603 1133 4667 altera,
1143 4617 1222 4671 quant
