2790 4696
501 291 864 407 ¹consommo.
1152 338 1218 423 435

206 481 274 552 Nec
292 474 383 550 tude
402 492 494 548 tanto
512 474 607 550 crede
623 476 752 548 minora
765 474 846 547 viro.
1168 499 1219 568 47⁰

160 596 222 667 Est
239 592 318 678 tibi,
338 591 446 691 sitque
460 619 592 692 precor,
609 589 790 664 multorum
808 587 898 662 filius
914 587 1038 678 instar;

209 707 355 807 Parsque
374 707 422 779 tui
439 724 554 806 partus
572 706 616 779 sit
632 706 694 779 tibi
712 705 799 779 salva
814 704 917 805 prior.

162 824 223 896 Est
240 822 378 920 conjux,
398 821 498 894 tutela
515 820 705 907 hominum
725 849 793 920 quo
812 820 954 921 sospite,
971 837 1127 911 vestram,

210 937 320 1025 Livia,
338 936 501 1011 funestam
519 937 654 1010 dedecet
670 964 740 1011 esse
757 936 902 1009 domum.

163 1133 212 1187 hae
229 1132 428 1201 Prosopopoeia,
443 1141 546 1201 poteret
563 1130 670 1202 excogi-
750 1130 806 1200 473.
829 1132 881 1183 Es!
899 1129 1017 1196 conjux,
1038 1131 1119 1182 tutela
1139 1129 1226 1181 homi·

164 1210 301 1279 umqum!
310 1210 387 1263 rebus
396 1211 464 1279 ipsis,
475 1209 672 1279 etpersonisac·
717 1227 777 1261 unm
796 1217 845 1261 ete.
872 1233 906 1247 ·-
924 1207 1026 1275 Nimius
1045 1205 1072 1259 in
1093 1204 1223 1259 adulando

164 1288 398 1343 commodatiorem
410 1287 470 1340 huic
483 1286 579 1356 Elegia
588 1286 671 1339 finem
718 1286 832 1352 Noster,
847 1304 926 1355 qnam
935 1286 980 1354 qui
993 1303 1048 1338 non
1059 1284 1146 1338 lectori
1158 1303 1227 1338 nau-

167 1366 323 1436 imponeret
341 1365 414 1433 Quid
427 1365 498 1418 enim
512 1375 612 1433 poete,
631 1364 671 1417 vel
718 1384 790 1419 seam
809 1365 900 1432 sapius
921 1374 1048 1432 moveat,
1072 1363 1154 1417 modo
1169 1366 1226 1434 quis

167 1444 208 1499 alii
220 1443 300 1497 cuivis
314 1442 455 1496 dicendum
467 1461 538 1495 nunc
546 1442 671 1511 supersit,
719 1441 826 1514 pudoris
839 1461 937 1496 sensus.
957 1442 1032 1510 Quid
1051 1444 1124 1498 enim
1141 1443 1227 1497 vero?

167 1539 251 1591 quum
262 1528 374 1572 matrem
392 1519 459 1573 {iiius
478 1520 531 1588 ipse
548 1530 601 1572 tem
621 1538 672 1590 ge·
720 1523 827 1574 dedecet
842 1520 952 1573 domum
971 1518 1080 1574 Cosanis
1093 1521 1164 1574 lue-tu
1173 1521 1228 1589 lu-

166 1616 260 1654 nerose
269 1599 301 1652 sit
310 1597 515 1652 allocutusised
527 1596 673 1666 optandum
720 1604 831 1662 aesten',
849 1599 889 1651 vel
901 1598 921 1652 si
936 1599 1054 1652 maxime
1063 1599 1117 1669 spei
1131 1598 1230 1669 princi-

168 1677 279 1744 somn,
303 1683 334 1728 ut
347 1674 454 1727 eximius
472 1673 514 1727 itte
535 1673 623 1741 locus,
646 1684 674 1726 et
721 1694 784 1746 pem
799 1676 931 1743 amiserit,
952 1682 1047 1745 sospite
1064 1680 1166 1729 seilicet
1179 1696 1230 1733 uno

171 1752 269 1807 Ovidio
284 1756 354 1807 'tere
374 1751 485 1822 dignus,
514 1752 604 1805 lectori
619 1753 674 1820 jem
725 1756 838 1807 Cosam!
852 1755 994 1808 Summum
1005 1754 1055 1807 hoc
1063 1754 1231 1823 humilitatis,

168 1829 253 1897 lasso,
279 1839 306 1884 et
322 1848 396 1901 pene
413 1828 576 1897 somnianti,
600 1829 676 1884 eitius
723 1851 774 1885 nec
788 1841 887 1901 poete,
901 1833 980 1885 etiam
997 1832 1128 1900 exulanti,
1147 1843 1175 1887 et
1187 1852 1232 1887 re·

172 1908 325 1962 obvenisset
343 1938 377 1950 -
396 1910 427 1962 Si
436 1911 498 1978 quid
510 1911 583 1962 modo
598 1913 679 1962 sentit
724 1910 809 1962 ditum
830 1909 996 1979 imploranti,
1016 1910 1230 1967 condonandum.

172 1991 200 2039 in
209 1989 302 2039 neem⁴
313 1987 428 2039 Melebat
440 1985 577 2053 Heinsius,
590 1991 617 2040 ie
625 2005 677 2040 ene·
726 1986 799 2055 Quid
813 2007 891 2056 vero,
909 1987 929 2041 si
948 2008 996 2041 nec
1008 1988 1093 2058 ipsum
1107 1999 1162 2042 tam
1179 1990 1231 2045 ab·

173 2068 238 2131 ln's,
251 2063 321 2134 quod
332 2068 588 2122 essetae'eeterumbm.
725 2065 800 2132 ieet:
812 2066 966 2123 adulationis
978 2066 1093 2138 pretium
1105 2066 1208 2124 tulerit!
