2790 4696
175 362 236 426 118
579 363 622 426 A.
653 358 828 427 SABINI

218 496 281 570 llla
299 494 453 570 Cleonaeo
474 513 559 570 tecta
575 495 670 571 leone
688 494 762 570 fuit.

123 625 125 631 '
166 614 214 685 Te
230 612 364 686 memini
382 612 562 700 Phoebum,
583 612 746 697 OEnone,
765 636 837 682 mea
855 609 992 684 erimina
1009 610 1103 699 dico,

216 728 369 821 Fugisse,
389 744 421 801 et
438 744 574 800 nostros
590 726 811 827 praeposuisse
830 742 931 799 toros.

168 847 244 918 Non
262 874 324 939 ego
342 844 540 945 praestubam
558 843 688 918 Phtnbo
703 872 711 916 τ
726 842 784 917 sed
798 841 863 917 tela
880 841 1013 944 Cupido

216 959 279 1031 His
296 959 331 1030 in
349 976 381 1032 te
398 956 506 1030 voluit
522 957 654 1053 legibus
672 958 719 1031 ire
735 986 803 1031 sua.

166 1071 347 1160 Consolare
367 1090 475 1146 tamen
494 1071 595 1165 digna
612 1090 669 1145 tua
686 1071 804 1172 pellice
823 1071 964 1145 damna:

216 1191 327 1286 Quam
345 1190 408 1263 tibi
427 1186 653 1290 praetulimus,
670 1204 747 1260 nata
763 1185 874 1288 puella
889 1190 973 1261 Jove
991 1203 1051 1261 est.

164 1304 231 1378 Sed
249 1303 340 1404 quod
355 1321 433 1377 nata
448 1305 532 1377 Jove
550 1320 617 1391 est,
635 1302 809 1376 minimum
826 1330 877 1376 me
896 1303 1005 1398 tangit
1021 1304 1056 1376 in
1074 1301 1148 1376 illa:

213 1417 317 1515 Quod
333 1446 400 1491 non
418 1434 468 1492 est
485 1417 583 1491 facies
600 1416 775 1518 pulchrior
791 1416 878 1506 ulla,
896 1436 1007 1492 nocet

163 1536 275 1634 Atque
291 1533 420 1607 utinam
437 1531 550 1606 formae
566 1532 666 1632 judex
683 1532 857 1608 incallidus
874 1561 978 1607 essem
1198 1557 1229 1610 uf·

214 1647 368 1721 Creditus
386 1647 500 1734 Idaeis,
520 1648 638 1742 Pegasi
654 1649 824 1750 Nympha,
841 1650 949 1748 jugis!

163 1763 241 1836 Non
258 1762 341 1836 mihi
357 1761 522 1849 lunonis,
540 1789 601 1835 nec
620 1762 754 1837 obesset
770 1761 927 1838 Pallados
942 1766 1009 1852 iro,

135 1935 137 1940 ,
212 1875 359 1949 Laudato
377 1893 428 1949 est
445 1874 550 1949 oculis
565 1876 657 1976 quod
674 1877 837 1978 Cytherea
853 1880 946 1953 meis.

164 1992 293 2066 Dividit
309 1993 379 2066 haec
398 1991 470 2066 aliis
486 1991 633 2066 llammas
651 1992 836 2096 celeresque
852 2023 1036 2097 paresque:

214 2109 262 2179 Ut
279 2106 413 2181 libitum
430 2124 495 2195 est,
513 2109 583 2182 nati
599 2099 761 2209 temperat
777 2109 849 2209 ipsa
866 2108 962 2184 faces.
1195 2130 1229 2182 60

164 2220 242 2292 Non
261 2237 370 2293 tamen
387 2219 511 2295 evaluit
527 2223 628 2296 vitare
646 2222 825 2297 domestica
841 2223 929 2298 teln:

95 2412 98 2427 .
213 2335 312 2430 Quos
329 2334 402 2407 aliis
419 2364 528 2424 arens,
548 2354 582 2410 et
598 2337 665 2411 sibi
682 2336 764 2413 dura
780 2339 866 2413 tulit.

163 2450 369 2548 Deprensum
386 2450 507 2549 conjux
522 2451 613 2527 illam
629 2453 666 2526 in
683 2455 834 2529 Mavorte
852 2453 996 2529 dolebat.

211 2563 371 2637 Testibus
386 2565 441 2638 hic
459 2565 573 2654 Divis,
592 2595 667 2640 eum
683 2568 766 2641 Jove
784 2585 920 2668 questus
938 2585 1020 2641 erat.

164 2679 240 2750 Jaur
258 2676 350 2751 dolet
367 2697 401 2753 et
417 2682 567 2766 Mavors,
586 2697 689 2752 terras
706 2679 861 2780 ultroque
879 2679 1035 2779 reliquit:
1193 2703 1228 2753 65

153 2808 156 2815 '
213 2792 365 2867 Praetulit
381 2794 551 2868 Anchisen
567 2793 621 2867 his
637 2793 793 2868 habitura
809 2820 916 2867 suurn.

161 2908 329 2983 Anchisen
346 2927 485 3009 propter
501 2908 608 2983 voluit
624 2909 772 2984 formosa
788 2909 912 2983 videri:

161 3078 408 3148 primuminveuisse
417 3078 668 3134 srdotilioristexturae
749 3081 789 3135 66.
803 3083 920 3134 Protulit
931 3081 1062 3134 Anchisen
1073 3082 1115 3132 his
1124 3083 1226 3135 abitum

161 3157 300 3211 artificium
306 3157 442 3227 scriptores
449 3155 565 3210 tradunt
574 3157 668 3212 Videa-
716 3177 795 3212 sum.
806 3160 896 3214 Prima
908 3158 1002 3226 editio,
1015 3162 1139 3211 habr'lm,
1148 3157 1226 3230 Gry-

161 3244 205 3286 tur
214 3235 320 3288 Salmas.
331 3233 363 3287 ad
373 3234 510 3300 Solinum,
523 3254 579 3305 pag.
597 3255 651 3289 ror.
716 3237 831 3306 phiana,
852 3241 912 3292 turc
930 3241 1037 3291 abr'lura.
1059 3237 1147 3306 Lego,
1167 3239 1226 3290 haee

194 3313 233 3379 46.
245 3317 297 3366 Illa
307 3315 423 3367 Cleonaeo
432 3323 480 3365 ete
494 3312 555 3365 Fuit
567 3311 668 3368 Cleone
716 3318 841 3370 habitura.
854 3316 954 3370 Hnrns.
965 3316 1060 3369 Forte:

162 3388 287 3454 oppidum
299 3389 432 3459 quoddam
443 3389 591 3457 mediocre,
615 3390 669 3444 (lis-
716 3405 950 3453 deolttotlduors,
962 3404 1225 3457 temuultorqoereliqui13

163 3473 220 3517 tans
232 3467 264 3520 ab
280 3468 355 3539 Argo
367 3468 431 3523 stad.
445 3483 513 3532 cxx3
536 3489 550 3522 a
565 3468 668 3522 Corin·
739 3478 828 3519 Praetu
838 3478 937 3519 Αυὼὴω
948 3478 988 3519 nee
999 3478 1090 3517 habitum
1101 3490 1165 3516 auum.

163 3538 224 3607 “¹02
236 3559 279 3596 ¹⁰·
289 3547 361 3601 Hinc
375 3551 505 3601 Cleonem
513 3551 569 3614 leo,
583 3548 628 3617 qui
641 3557 668 3601 et
716 3552 808 3606 Doluit
819 3553 926 3607 Mavors
938 3554 1023 3624 primo
1041 3553 1074 3605 ob
1095 3550 1224 3617 Adonin,

162 3615 300 3675 Nemeaeus
312 3624 413 3679 dicitur,
716 3630 845 3699 quemille
853 3669 860 3698 ,
869 3630 952 3700 figura
962 3631 1017 3701 apri
1029 3628 1162 3695 adsumta,
1175 3628 1226 3682 ob-

195 3695 234 3745 55.
244 3699 482 3757 ercxr'acallidus.
496 3704 666 3770 Pratiterit,
715 3719 847 3762 truncesse
865 3709 963 3775 fertur,
978 3708 1050 3762 etita
1066 3708 1136 3761 ultus
1147 3707 1225 3776 inju-

161 3771 227 3818 male
246 3777 374 3841 callidum
399 3799 460 3834 mox
480 3781 559 3835 etium
581 3783 666 3849 sorte,
714 3786 868 3841 riamsunm
882 3796 964 3840 terras
974 3786 1088 3855 reliquit.
1100 3785 1148 3838 llla
1159 3803 1224 3839 vem

161 3845 277 3897 llffld‘la
287 3859 328 3901 est
337 3859 429 3922 oculei,
442 3877 491 3926 pro
501 3862 616 3912 laudata.
716 3863 849 3917 Anchisen
876 3883 953 3917 suurn
976 3864 1111 3935 pretulit,
1143 3881 1226 3932 quem

193 3920 234 3972 55.
254 3924 342 3979 Terras
352 3936 470 4000 olimque.
487 3938 556 3988 Celo
568 3944 671 3990 terras-
715 3939 827 4007 deinde,
841 3961 924 4010 quum
936 3963 995 3997 suos
1014 3961 1116 3995 amores
1133 3940 1224 3995 inoou·

161 4001 581 4092 ,merelicto‚{'raetuntAn.t1>rch.
589 4034 666 4068 sunm.
714 4019 795 4072 soltus
806 4019 981 4089 predicasset,
993 4022 1086 4074 Divum
1096 4026 1177 4087 paler

163 4077 320 4131 Bfflmm·
329 4099 357 4133 ¹¹¹
368 4085 485 4152 margine
494 4087 560 4141 libri.
715 4108 1222 4162 vibramine-noeomuoruuvm.
