<?xml version="1.0" encoding="UTF-8"?>
<!DOCTYPE html PUBLIC "-//W3C//DTD XHTML 1.0 Transitional//EN"
    "http://www.w3.org/TR/xhtml1/DTD/xhtml1-transitional.dtd">
<html xmlns="http://www.w3.org/1999/xhtml" xml:lang="en" lang="en">
 <head>
  <title>
</title>
<meta http-equiv="Content-Type" content="text/html;charset=utf-8" />
  <meta name='ocr-system' content='tesseract 3.04.00' />
  <meta name='ocr-capabilities' content='ocr_page ocr_carea ocr_par ocr_line ocrx_word'/>
</head>
<body>
  <div class='ocr_page' id='page_1' title='image "./publiiovidiinas06massgoog/publiiovidiinas06massgoog_0034.png"; bbox 0 0 2790 4696; ppageno 0'>
   <div class='ocr_carea' id='block_1_1' title="bbox 427 1106 1006 1196">
    <p class='ocr_par' dir='ltr' id='par_1_1' title="bbox 427 1106 1006 1196">
     <span class='ocr_line' id='line_1_1' title="bbox 427 1106 1006 1196; baseline 0.009 -5"><span class='ocrx_word' id='word_1_1' title='bbox 427 1106 750 1194; x_wconf 82' lang='lat' dir='ltr'><strong>EPISTOLAE</strong></span> <span class='ocrx_word' id='word_1_2' title='bbox 797 1109 1006 1196; x_wconf 86' lang='lat' dir='ltr'><strong>PRIMAE</strong></span> 
     </span>
    </p>
   </div>
   <div class='ocr_carea' id='block_1_2' title="bbox 519 1326 912 1395">
    <p class='ocr_par' dir='ltr' id='par_1_2' title="bbox 519 1326 912 1395">
     <span class='ocr_line' id='line_1_2' title="bbox 519 1326 912 1395; baseline 0 -3"><span class='ocrx_word' id='word_1_3' title='bbox 519 1326 912 1395; x_wconf 84' lang='lat' dir='ltr'><strong>ARGUMENTUM.</strong></span> 
     </span>
    </p>
   </div>
   <div class='ocr_carea' id='block_1_3' title="bbox 229 1580 1244 1666">
    <p class='ocr_par' dir='ltr' id='par_1_3' title="bbox 229 1580 1244 1666">
     <span class='ocr_line' id='line_1_3' title="bbox 229 1580 1244 1666; baseline -0.004 -17"><span class='ocrx_word' id='word_1_4' title='bbox 229 1584 306 1649; x_wconf 84' lang='lat' dir='ltr'><strong>Orto</strong></span> <span class='ocrx_word' id='word_1_5' title='bbox 320 1585 447 1666; x_wconf 77' lang='lat' dir='ltr'><strong>Trojano</strong></span> <span class='ocrx_word' id='word_1_6' title='bbox 462 1582 557 1660; x_wconf 88' lang='lat' dir='ltr'><strong>bello,</strong></span> <span class='ocrx_word' id='word_1_7' title='bbox 572 1582 610 1644; x_wconf 93' lang='lat' dir='ltr'><strong>ob</strong></span> <span class='ocrx_word' id='word_1_8' title='bbox 623 1594 728 1664; x_wconf 80' lang='lat' dir='ltr'>raptam</span> <span class='ocrx_word' id='word_1_9' title='bbox 745 1606 761 1643; x_wconf 78' lang='lat' dir='ltr'>a</span> <span class='ocrx_word' id='word_1_10' title='bbox 774 1583 875 1643; x_wconf 82' lang='lat' dir='ltr'><strong>Paride</strong></span> <span class='ocrx_word' id='word_1_11' title='bbox 892 1582 1045 1659; x_wconf 82' lang='lat' dir='ltr'><strong>Helenam,</strong></span> <span class='ocrx_word' id='word_1_12' title='bbox 1060 1580 1212 1664; x_wconf 81' lang='lat' dir='ltr'><strong>habitoque</strong></span> <span class='ocrx_word' id='word_1_13' title='bbox 1227 1608 1244 1645; x_wconf 81' lang='lat' dir='ltr'>a</span> 
     </span>
    </p>
   </div>
   <div class='ocr_carea' id='block_1_4' title="bbox 143 1680 1245 2644">
    <p class='ocr_par' dir='ltr' id='par_1_4' title="bbox 187 1680 1245 2351">
     <span class='ocr_line' id='line_1_4' title="bbox 190 1680 1245 1766; baseline -0.005 -20"><span class='ocrx_word' id='word_1_14' title='bbox 190 1684 299 1746; x_wconf 79' lang='lat' dir='ltr'><strong>Graecie</strong></span> <span class='ocrx_word' id='word_1_15' title='bbox 314 1696 472 1758; x_wconf 83' lang='lat' dir='ltr'><strong>conventu,</strong></span> <span class='ocrx_word' id='word_1_16' title='bbox 487 1683 601 1766; x_wconf 80' lang='lat' dir='ltr'><strong>cogitur</strong></span> <span class='ocrx_word' id='word_1_17' title='bbox 614 1682 719 1743; x_wconf 81' lang='lat' dir='ltr'><strong>invitus</strong></span> <span class='ocrx_word' id='word_1_18' title='bbox 734 1681 833 1741; x_wconf 81' lang='lat' dir='ltr'>Ulixes</span> <span class='ocrx_word' id='word_1_19' title='bbox 853 1680 888 1740; x_wconf 88' lang='lat' dir='ltr'><strong>ad</strong></span> <span class='ocrx_word' id='word_1_20' title='bbox 903 1680 1006 1740; x_wconf 85' lang='lat' dir='ltr'><strong>bellum</strong></span> <span class='ocrx_word' id='word_1_21' title='bbox 1022 1680 1245 1761; x_wconf 85' lang='lat' dir='ltr'><strong>proficisci,ibi-</strong></span> 
     </span>
     <span class='ocr_line' id='line_1_5' title="bbox 188 1779 1243 1864; baseline -0.001 -21"><span class='ocrx_word' id='word_1_22' title='bbox 188 1805 245 1864; x_wconf 85' lang='lat' dir='ltr'><strong>que</strong></span> <span class='ocrx_word' id='word_1_23' title='bbox 263 1805 323 1844; x_wconf 88' lang='lat' dir='ltr'><strong>non</strong></span> <span class='ocrx_word' id='word_1_24' title='bbox 347 1780 467 1843; x_wconf 86' lang='lat' dir='ltr'><strong>consilio</strong></span> <span class='ocrx_word' id='word_1_25' title='bbox 485 1782 597 1857; x_wconf 78' lang='lat' dir='ltr'><strong>minus,</strong></span> <span class='ocrx_word' id='word_1_26' title='bbox 616 1802 700 1861; x_wconf 85' lang='lat' dir='ltr'>quam</span> <span class='ocrx_word' id='word_1_27' title='bbox 723 1780 829 1843; x_wconf 78' lang='lat' dir='ltr'><strong>virtute</strong></span> <span class='ocrx_word' id='word_1_28' title='bbox 849 1779 986 1840; x_wconf 77' lang='lat' dir='ltr'><strong>inclaruit.</strong></span> <span class='ocrx_word' id='word_1_29' title='bbox 1007 1782 1111 1842; x_wconf 79' lang='lat' dir='ltr'><strong>Eversa</strong></span> <span class='ocrx_word' id='word_1_30' title='bbox 1130 1781 1243 1842; x_wconf 82' lang='lat' dir='ltr'><strong>tandem</strong></span> 
     </span>
     <span class='ocr_line' id='line_1_6' title="bbox 188 1878 1243 1962; baseline -0.001 -21"><span class='ocrx_word' id='word_1_31' title='bbox 188 1880 297 1960; x_wconf 71' lang='lat' dir='ltr'><strong>Troia,</strong></span> <span class='ocrx_word' id='word_1_32' title='bbox 311 1878 406 1939; x_wconf 80' lang='lat' dir='ltr'><strong>Graeei</strong></span> <span class='ocrx_word' id='word_1_33' title='bbox 423 1879 545 1940; x_wconf 85' lang='lat' dir='ltr'><strong>victores</strong></span> <span class='ocrx_word' id='word_1_34' title='bbox 560 1879 681 1941; x_wconf 87' lang='lat' dir='ltr'><strong>reditum</strong></span> <span class='ocrx_word' id='word_1_35' title='bbox 696 1880 726 1939; x_wconf 89' lang='lat' dir='ltr'><strong>in</strong></span> <span class='ocrx_word' id='word_1_36' title='bbox 746 1881 861 1961; x_wconf 78' lang='lat' dir='ltr'><strong>patriam</strong></span> <span class='ocrx_word' id='word_1_37' title='bbox 878 1893 1043 1962; x_wconf 81' lang='lat' dir='ltr'><strong>paraverunt</strong></span> <span class='ocrx_word' id='word_1_38' title='bbox 1056 1903 1063 1940; x_wconf 89' lang='lat'>:</span> <span class='ocrx_word' id='word_1_39' title='bbox 1078 1880 1145 1955; x_wconf 80' lang='lat' dir='ltr'><strong>sed,</strong></span> <span class='ocrx_word' id='word_1_40' title='bbox 1158 1903 1243 1960; x_wconf 81' lang='lat' dir='ltr'><strong>quam</strong></span> 
     </span>
     <span class='ocr_line' id='line_1_7' title="bbox 188 1975 1243 2063; baseline 0.001 -25"><span class='ocrx_word' id='word_1_41' title='bbox 188 1976 330 2052; x_wconf 63' lang='lat' dir='ltr'><strong>laeserant,</strong></span> <span class='ocrx_word' id='word_1_42' title='bbox 344 1975 470 2037; x_wconf 80' lang='lat' dir='ltr'><strong>Minerva</strong></span> <span class='ocrx_word' id='word_1_43' title='bbox 479 2020 488 2051; x_wconf 89' lang='lat'>,</span> <span class='ocrx_word' id='word_1_44' title='bbox 496 1989 577 2057; x_wconf 80' lang='lat' dir='ltr'><strong>rapto</strong></span> <span class='ocrx_word' id='word_1_45' title='bbox 589 1976 696 2038; x_wconf 85' lang='lat' dir='ltr'><strong>scilieet</strong></span> <span class='ocrx_word' id='word_1_46' title='bbox 709 1978 851 2056; x_wconf 78' lang='lat' dir='ltr'><strong>Palladio,</strong></span> <span class='ocrx_word' id='word_1_47' title='bbox 865 1979 947 2040; x_wconf 81' lang='lat' dir='ltr'><strong>variis</strong></span> <span class='ocrx_word' id='word_1_48' title='bbox 958 2000 1008 2040; x_wconf 88' lang='lat' dir='ltr'><strong>eos</strong></span> <span class='ocrx_word' id='word_1_49' title='bbox 1020 1979 1167 2063; x_wconf 69' lang='lat' dir='ltr'><strong>exagitavit</strong></span> <span class='ocrx_word' id='word_1_50' title='bbox 1177 2000 1243 2060; x_wconf 69' lang='lat' dir='ltr'><strong>pre</strong></span> 
     </span>
     <span class='ocr_line' id='line_1_8' title="bbox 187 2072 1243 2160; baseline 0.003 -25"><span class='ocrx_word' id='word_1_51' title='bbox 187 2074 281 2150; x_wconf 79' lang='lat' dir='ltr'><strong>celiis,</strong></span> <span class='ocrx_word' id='word_1_52' title='bbox 301 2072 369 2133; x_wconf 79' lang='lat' dir='ltr'><strong>adeo</strong></span> <span class='ocrx_word' id='word_1_53' title='bbox 389 2083 423 2132; x_wconf 85' lang='lat' dir='ltr'><strong>ut</strong></span> <span class='ocrx_word' id='word_1_54' title='bbox 444 2073 542 2155; x_wconf 86' lang='lat' dir='ltr'><strong>pauci,</strong></span> <span class='ocrx_word' id='word_1_55' title='bbox 557 2086 624 2155; x_wconf 85' lang='lat' dir='ltr'><strong>post</strong></span> <span class='ocrx_word' id='word_1_56' title='bbox 642 2076 734 2138; x_wconf 83' lang='lat' dir='ltr'><strong>varios</strong></span> <span class='ocrx_word' id='word_1_57' title='bbox 755 2098 887 2156; x_wconf 76' lang='lat' dir='ltr'><strong>errores,</strong></span> <span class='ocrx_word' id='word_1_58' title='bbox 905 2079 935 2139; x_wconf 89' lang='lat' dir='ltr'><strong>in</strong></span> <span class='ocrx_word' id='word_1_59' title='bbox 952 2080 1066 2160; x_wconf 82' lang='lat' dir='ltr'><strong>patriam</strong></span> <span class='ocrx_word' id='word_1_60' title='bbox 1087 2078 1243 2140; x_wconf 80' lang='lat' dir='ltr'>incolumes</span> 
     </span>
     <span class='ocr_line' id='line_1_9' title="bbox 188 2172 1243 2256; baseline 0.002 -21"><span class='ocrx_word' id='word_1_61' title='bbox 188 2174 337 2235; x_wconf 80' lang='lat' dir='ltr'><strong>evaserint.</strong></span> <span class='ocrx_word' id='word_1_62' title='bbox 351 2173 435 2247; x_wconf 86' lang='lat' dir='ltr'>Quos</span> <span class='ocrx_word' id='word_1_63' title='bbox 455 2172 528 2231; x_wconf 87' lang='lat' dir='ltr'><strong>inter</strong></span> <span class='ocrx_word' id='word_1_64' title='bbox 543 2173 640 2234; x_wconf 82' lang='lat' dir='ltr'><strong>Ulixes</strong></span> <span class='ocrx_word' id='word_1_65' title='bbox 659 2197 711 2256; x_wconf 85' lang='lat' dir='ltr'><strong>per</strong></span> <span class='ocrx_word' id='word_1_66' title='bbox 729 2197 819 2237; x_wconf 80' lang='lat' dir='ltr'><strong>annos</strong></span> <span class='ocrx_word' id='word_1_67' title='bbox 836 2177 933 2239; x_wconf 85' lang='lat' dir='ltr'><strong>decem</strong></span> <span class='ocrx_word' id='word_1_68' title='bbox 952 2176 1143 2255; x_wconf 80' lang='lat' dir='ltr'><strong>errabundus,</strong></span> <span class='ocrx_word' id='word_1_69' title='bbox 1156 2178 1243 2240; x_wconf 74' lang='lat' dir='ltr'><strong>variae</strong></span> 
     </span>
     <span class='ocr_line' id='line_1_10' title="bbox 188 2270 1165 2351; baseline -0.003 -19"><span class='ocrx_word' id='word_1_70' title='bbox 188 2270 266 2332; x_wconf 85' lang='lat' dir='ltr'><strong>orbis</strong></span> <span class='ocrx_word' id='word_1_71' title='bbox 280 2282 373 2351; x_wconf 79' lang='lat' dir='ltr'><strong>partes</strong></span> <span class='ocrx_word' id='word_1_72' title='bbox 387 2272 551 2351; x_wconf 78' lang='lat' dir='ltr'><strong>peragravit.</strong></span> <span class='ocrx_word' id='word_1_73' title='bbox 1162 2276 1165 2281; x_wconf 84' lang='grc'><strong><em>’</em></strong></span> 
     </span>
    </p>

    <p class='ocr_par' dir='ltr' id='par_1_5' title="bbox 143 2367 1243 2644">
     <span class='ocr_line' id='line_1_11' title="bbox 143 2367 1243 2452; baseline 0.002 -23"><span class='ocrx_word' id='word_1_74' title='bbox 143 2440 149 2449; x_wconf 37' lang='lat'><strong><em>¹</em></strong></span> <span class='ocrx_word' id='word_1_75' title='bbox 229 2368 373 2449; x_wconf 79' lang='lat' dir='ltr'><strong>Penelope</strong></span> <span class='ocrx_word' id='word_1_76' title='bbox 391 2367 479 2450; x_wconf 83' lang='lat' dir='ltr'><strong>igitur</strong></span> <span class='ocrx_word' id='word_1_77' title='bbox 499 2369 560 2448; x_wconf 88' lang='lat' dir='ltr'><strong>ejus</strong></span> <span class='ocrx_word' id='word_1_78' title='bbox 584 2391 673 2445; x_wconf 82' lang='lat' dir='ltr'><strong>uxor,</strong></span> <span class='ocrx_word' id='word_1_79' title='bbox 694 2369 790 2430; x_wconf 80' lang='lat' dir='ltr'><strong>scribit</strong></span> <span class='ocrx_word' id='word_1_80' title='bbox 810 2368 927 2430; x_wconf 85' lang='lat' dir='ltr'><strong>hancei</strong></span> <span class='ocrx_word' id='word_1_81' title='bbox 950 2368 1190 2452; x_wconf 59' lang='lat' dir='ltr'><strong>epistolamque</strong></span> <span class='ocrx_word' id='word_1_82' title='bbox 1213 2374 1243 2432; x_wconf 90' lang='lat' dir='ltr'><strong>in</strong></span> 
     </span>
     <span class='ocr_line' id='line_1_12' title="bbox 189 2466 1242 2550; baseline 0.003 -24"><span class='ocrx_word' id='word_1_83' title='bbox 189 2468 287 2549; x_wconf 83' lang='lat' dir='ltr'><strong>primis</strong></span> <span class='ocrx_word' id='word_1_84' title='bbox 302 2479 335 2528; x_wconf 90' lang='lat' dir='ltr'><strong>ut</strong></span> <span class='ocrx_word' id='word_1_85' title='bbox 349 2466 443 2528; x_wconf 81' lang='lat' dir='ltr'><strong>redeat</strong></span> <span class='ocrx_word' id='word_1_86' title='bbox 455 2479 568 2540; x_wconf 87' lang='lat' dir='ltr'><strong>monet;</strong></span> <span class='ocrx_word' id='word_1_87' title='bbox 583 2468 719 2543; x_wconf 83' lang='lat' dir='ltr'><strong>maxime,</strong></span> <span class='ocrx_word' id='word_1_88' title='bbox 732 2489 820 2547; x_wconf 87' lang='lat' dir='ltr'><strong>quum</strong></span> <span class='ocrx_word' id='word_1_89' title='bbox 835 2466 924 2546; x_wconf 73' lang='lat' dir='ltr'><strong>Troia</strong></span> <span class='ocrx_word' id='word_1_90' title='bbox 942 2487 1059 2541; x_wconf 81' lang='lat' dir='ltr'><strong>eversa,</strong></span> <span class='ocrx_word' id='word_1_91' title='bbox 1077 2470 1242 2550; x_wconf 66' lang='lat' dir='ltr'><strong>caeterisque</strong></span> 
     </span>
     <span class='ocr_line' id='line_1_13' title="bbox 188 2563 923 2644; baseline -0.005 -17"><span class='ocrx_word' id='word_1_92' title='bbox 188 2568 324 2644; x_wconf 82' lang='lat' dir='ltr'><strong>reversis,</strong></span> <span class='ocrx_word' id='word_1_93' title='bbox 337 2565 487 2629; x_wconf 79' lang='lat' dir='ltr'><strong>cunctandi</strong></span> <span class='ocrx_word' id='word_1_94' title='bbox 499 2566 576 2627; x_wconf 83' lang='lat' dir='ltr'><strong>solus</strong></span> <span class='ocrx_word' id='word_1_95' title='bbox 590 2588 700 2627; x_wconf 78' lang='lat' dir='ltr'><strong>eausam</strong></span> <span class='ocrx_word' id='word_1_96' title='bbox 713 2587 773 2626; x_wconf 88' lang='lat' dir='ltr'><strong>non</strong></span> <span class='ocrx_word' id='word_1_97' title='bbox 788 2563 885 2626; x_wconf 72' lang='lat' dir='ltr'><strong>habeat</strong></span> <span class='ocrx_word' id='word_1_98' title='bbox 895 2567 923 2623; x_wconf 59' lang='grc' dir='ltr'><strong>’ἢ</strong></span> 
     </span>
    </p>
   </div>
   <div class='ocr_carea' id='block_1_5' title="bbox 186 2804 1241 2955">
    <p class='ocr_par' dir='ltr' id='par_1_6' title="bbox 186 2804 1241 2955">
     <span class='ocr_line' id='line_1_14' title="bbox 221 2804 1241 2879; baseline 0.003 -20"><span class='ocrx_word' id='word_1_99' title='bbox 221 2808 234 2835; x_wconf 74' lang='lat'><strong>*</strong></span> <span class='ocrx_word' id='word_1_100' title='bbox 252 2806 392 2879; x_wconf 79' lang='lat' dir='ltr'><strong>Epistulam</strong></span> <span class='ocrx_word' id='word_1_101' title='bbox 405 2807 472 2861; x_wconf 81' lang='lat' dir='ltr'><strong>hane</strong></span> <span class='ocrx_word' id='word_1_102' title='bbox 484 2826 565 2879; x_wconf 79' lang='lat' dir='ltr'><strong>graece</strong></span> <span class='ocrx_word' id='word_1_103' title='bbox 580 2808 672 2874; x_wconf 83' lang='lat' dir='ltr'><strong>vertit,</strong></span> <span class='ocrx_word' id='word_1_104' title='bbox 688 2808 802 2861; x_wconf 77' lang='lat' dir='ltr'><strong>versibus</strong></span> <span class='ocrx_word' id='word_1_105' title='bbox 814 2805 944 2873; x_wconf 73' lang='lat' dir='ltr'><strong>elegiacis,</strong></span> <span class='ocrx_word' id='word_1_106' title='bbox 962 2804 1048 2860; x_wconf 84' lang='lat' dir='ltr'>Carol.</span> <span class='ocrx_word' id='word_1_107' title='bbox 1060 2806 1241 2876; x_wconf 82' lang='lat' dir='ltr'><strong>Utenhovius,</strong></span> 
     </span>
     <span class='ocr_line' id='line_1_15' title="bbox 186 2880 1145 2955; baseline -0.003 -19"><span class='ocrx_word' id='word_1_108' title='bbox 186 2884 274 2955; x_wconf 65' lang='lat' dir='ltr'><strong>primo</strong></span> <span class='ocrx_word' id='word_1_109' title='bbox 285 2886 441 2937; x_wconf 67' lang='lat' dir='ltr'><strong>Allustbnum</strong></span> <span class='ocrx_word' id='word_1_110' title='bbox 452 2883 517 2936; x_wconf 81' lang='lat' dir='ltr'><strong>libro</strong></span> <span class='ocrx_word' id='word_1_111' title='bbox 527 2922 535 2950; x_wconf 92' lang='lat'>,</span> <span class='ocrx_word' id='word_1_112' title='bbox 545 2901 570 2951; x_wconf 88' lang='lat' dir='ltr'><strong>p.</strong></span> <span class='ocrx_word' id='word_1_113' title='bbox 584 2882 637 2935; x_wconf 77' lang='lat'><strong>126.</strong></span> <span class='ocrx_word' id='word_1_114' title='bbox 650 2908 684 2922; x_wconf 90' lang='lat'><em>-</em></span> <span class='ocrx_word' id='word_1_115' title='bbox 694 2880 830 2935; x_wconf 72' lang='lat' dir='ltr'><strong>Ovidienae</strong></span> <span class='ocrx_word' id='word_1_116' title='bbox 841 2880 960 2935; x_wconf 76' lang='lat' dir='ltr'><strong>Graeeam</strong></span> <span class='ocrx_word' id='word_1_117' title='bbox 974 2881 1145 2951; x_wconf 74' lang='lat' dir='ltr'><strong>subjiciemus.</strong></span> 
     </span>
    </p>
   </div>
   <div class='ocr_carea' id='block_1_6' title="bbox 0 0 1400 4696">
    <p class='ocr_par' dir='ltr' id='par_1_7' title="bbox 0 0 1400 4696">
     <span class='ocr_line' id='line_1_16' title="bbox 0 0 1400 4696; baseline 0 3"><span class='ocrx_word' id='word_1_118' title='bbox 0 0 1400 4696; x_wconf 95' lang='lat' dir='ltr'><strong> </strong></span> 
     </span>
    </p>
   </div>
  </div>
 </body>
</html>
