2790 4696
166 342 238 391 xxn
554 320 843 391 PRAEFATIO.

163 489 247 546 tem.
259 469 317 544 An
327 495 396 542 nou
409 466 498 542 dicas
514 468 728 572 interpretes,
746 471 786 546 de
805 469 928 572 quibua
939 469 1139 560 hiosemo,
1154 485 1229 547 onir

168 601 244 690 nia,
263 617 301 674 ut
314 599 415 675 Plinii
427 601 535 675 verbis
552 602 950 692 manducationem,
967 601 1014 678 od
1024 603 1228 686 amenum

163 750 278 807 >autem
287 761 379 836 paene
389 731 474 806 nihil
485 732 658 810 retulisse?
671 734 765 832 Quid
773 734 934 810 enimsibi
944 731 1122 808 voluerunt
1128 730 1229 821 aliud,

164 864 246 961 dum
271 865 335 939 toti
356 866 392 937 in
416 863 622 940 cumulandis
646 862 823 965 exemplis,
845 880 880 937 et
898 862 988 937 locis·
1007 863 1231 964 undequaque

169 994 360 1080 evocandis,
380 991 430 1081 vel
446 1024 549 1093 quum
561 992 646 1067 nihil
662 1022 799 1096 prorsus
813 992 939 1069 iaciunt
952 993 995 1075 ad
1011 992 1123 1069 locum
1135 994 1231 1071 illus-

168 1126 340 1215 trandum,
353 1125 419 1199 nisi
431 1143 488 1212 nt,
507 1125 768 1227 qnadataporto,
784 1142 895 1201 rueret
906 1110 1081 1208 ventosum
1094 1154 1232 1221 agmen,

169 1256 421 1360 quodlectorem
433 1274 664 1358 auctoremque
674 1256 785 1332 eadem
795 1254 894 1333 simul
901 1256 998 1337 ruina
1007 1259 1233 1360 opprimeret?

163 1471 167 1479 ,
215 1363 369 1475 Sterilem
385 1389 471 1463 hanc
490 1407 524 1462 et
539 1389 767 1490 intempestive
789 1372 1011 1467 luxuriantem
1031 1391 1229 1476 eruditionis

167 1520 368 1623 proluviem,
386 1549 426 1598 eo
439 1520 544 1619 magis
556 1520 826 1621 compescendam
840 1522 966 1611 curavi,
984 1551 1052 1624 quo
1064 1551 1229 1623 senseram

168 1656 287 1731 melius
302 1652 386 1730 nihil
400 1654 477 1728 inde
494 1651 648 1726 utilitatis
661 1652 877 1755 scriptorem,
902 1653 1058 1728 lectorem
1068 1653 1154 1731 nihil
1165 1682 1230 1728 un-

169 1816 267 1887 quam
277 1784 471 1887 percepisse.
488 1816 505 1848 «
515 1781 585 1856 Sibi
591 1784 690 1871 enim,
699 1812 758 1856 non
770 1784 888 1884 legenti,
901 1803 999 1874 notas
1008 1785 1064 1858 isti
1074 1783 1228 1861 videntur

167 1917 381 2016 compegisse.
398 1915 543 2016 »Neque
554 1943 616 2012 ego
625 1915 704 2005 haec,
720 1914 779 2012 sed
790 1914 924 1990 Clariss.
943 1915 1226 2015 HEYN1U8,'cujus

167 2045 395 2121 auctoritatem
414 2042 527 2120 nullus
550 2064 601 2121 est
621 2075 698 2122 sane
719 2047 805 2122 inter
825 2065 1018 2149 prestantes
1040 2047 1225 2127 eruditione

167 2178 260 2253 viros
267 2177 325 2278 qui
338 2194 482 2264 recuset,
494 2176 546 2251 vel
557 2177 676 2269 debeat
688 2207 847 2254 recusare.
867 2180 944 2253 Scio
956 2180 1044 2254 enim
1054 2208 1123 2254 non
1134 2207 1225 2280 aeque

165 2308 257 2410 apud
270 2338 384 2385 omnes
400 2308 513 2383 audire
527 2309 654 2398 virum,
674 2310 732 2409 qni
749 2337 869 2383 novam
885 2311 1124 2410 interpretandi
1141 2313 1225 2387 viam

115 2477 117 2480 ⁴
168 2467 271 2540 quum
292 2440 477 2541 aperuerit,
501 2467 563 2513 nec
581 2438 762 2514 doctiorem
784 2467 842 2528 se,
865 2439 924 2517 sed
947 2439 1084 2525 doctum
1109 2441 1227 2518 melius

167 2571 290 2648 caveris
303 2573 508 2673 probaverit,
522 2600 560 2646 eo
572 2572 647 2673 ipso
659 2569 750 2672 quod
763 2587 886 2645 tenuta
896 2596 949 2645 res
959 2569 1098 2644 feliciter
1109 2571 1225 2647 admo-

160 2703 246 2777 dum
256 2723 411 2793 cesserat,
425 2705 568 2779 istorum
578 2730 683 2798 genus
694 2728 790 2778 omne
802 2703 838 2775 in
850 2729 884 2777 se
897 2703 1090 2791 concitavit,
1102 2704 1224 2803 quibus

166 2835 271 2910 tutius
286 2834 393 2910 multo
412 2853 446 2909 et
460 2833 589 2909 facilius
604 2852 675 2909 erat
690 2835 777 2909 tritis
795 2833 988 2933 jamdudum
1005 2834 1151 2930 vestigiis
1172 2836 1225 2909 in-

165 2965 300 3056 sistere,
328 2995 428 3068 quam
444 2966 506 3040 iter
526 2993 704 3068 operosum
719 2965 828 3055 moliri
846 2966 882 3040 in
896 2966 1091 3061 regionibus
1108 2995 1189 3066 quas
1206 2997 1223 3053 e

164 3097 349 3200 longinquo
368 3115 497 3170 tantum
518 3114 779 3197 prospexerant,
806 3097 1223 3198 nobisquepraemonstra-

162 3257 278 3315 verant
300 3235 476 3338 Micyllus,
500 3235 658 3311 Ciofauus
672 3253 706 3311 et
726 3235 782 3312 alii
800 3236 933 3339 quidam
949 3236 1097 3335 ejusdem
1117 3239 1221 3312 etatis

164 3372 342 3472 scriptores
359 3365 533 3470 philologi.

82 3528 87 3535 ·
211 3503 289 3576 Non
305 3500 480 3575 defuerunt
492 3499 595 3594 igitur
615 3499 745 3599 lleynio
763 3498 870 3575 laudis
884 3527 952 3574 suae
971 3498 1221 3588 detrectatores

160 3626 219 3702 sed
227 3628 314 3704 inter
327 3631 583 3708 conviciantium
596 3630 755 3706 clamores
765 3628 960 3718 malevolos,
973 3630 1092 3705 clarior
1101 3631 1137 3705 in
1151 3630 1223 3705 dies

163 3760 284 3833 summi
297 3762 359 3835 viri
379 3764 463 3861 sama
480 3767 650 3864 Europam
664 3786 793 3837 omnem
809 3758 1051 3864 perlustrabat;
1077 3781 1111 3838 et
1131 3763 1221 3834 vra-

163 3902 297 3977 G'ltwtt
318 3894 411 3990 quasi
429 3894 624 3986 redivivum,
643 3921 770 3992 suoque
784 3893 850 3991 jam
868 3892 1042 3994 splendore
1055 3891 1222 3967 collucen-

163 4038 229 4098 tem
245 4021 413 4098 certabant
430 4024 568 4125 populi,
587 4026 661 4126 quis
676 4025 849 4121 magnifico
866 4027 971 4122 magis
987 4026 1164 4126 adparatu,
1187 4040 1222 4104 et
