2754 5160
393 160 721 223 {11111’01.YT[‘S
750 163 989 225 1‘11s131iRr1-3.
1180 190 1218 255 9¹

163 303 236 373 lime
257 299 337 367 mihi
358 301 535 395 speeemii,
558 304 702 398 quamvis
721 302 755 372 in
774 301 917 395 imagine
937 316 1064 371 tantum

211 416 305 494 Nisa,
328 431 433 485 {amen
452 443 556 488 causae
573 443 659 515 sepe
674 415 765 491 fuere
781 435 913 491 metus:

158 533 189 600 T
190 560 207 603 e
227 547 337 601 tamen
356 529 424 602 hee
440 530 529 604 inter
544 530 668 631 pictam
683 531 713 604 ai
728 547 879 605 monstra
893 528 1056 617 viderem,

208 646 263 717 Tu
281 643 380 730 mihi,
397 662 433 718 ru
452 663 558 720 terror
571 647 736 721 maximus
750 674 820 720 una
835 645 943 720 fores:

159 760 205 830 Et
221 757 364 831 merito:
380 758 461 858 quid
478 788 620 859 namque
640 760 708 834 tuis
725 759 887 835 furiosius
902 757 1018 833 aneia?
1180 781 1225 833 ηε

207 871 345 945 Nullum
363 873 477 947 odium
494 892 545 951 est
557 875 624 948 isto
640 875 749 973 majus
766 901 878 947 amore
895 870 1012 946 scelus.

161 988 238 1085 Quo
255 989 360 1084 magis
378 989 539 1079 admiror,
559 989 640 1091 qnid
658 990 704 1065 eit
721 988 785 1063 [ibi
803 988 948 1063 seribere
964 986 1102 1075 samam,

205 1104 304 1177 Nunc
322 1133 453 1206 quoque
473 1135 577 1207 quum
593 1104 715 1193 violae,
732 1103 809 1180 labe
825 1130 934 1178 carere
953 1120 1054 1178 tuam.

163 1216 284 1313 Quam,
304 1219 333 1292 si
349 1218 423 1295 labe
440 1239 549 1308 vacat,
569 1250 630 1296 eur
646 1249 718 1295 non
734 1217 933 1293 stultissima
949 1219 1085 1292 nervae?

210 1333 294 1420 Cur,
314 1335 404 1434 qnod
420 1336 543 1421 habes,
561 1364 728 1412 summum
746 1334 897 1436 prodigis
913 1333 988 1434 ipsa
1006 1331 1131 1406 decus?
1183 1354 1227 1403 130

162 1445 336 1524 Pulchrius
351 1451 422 1529 haec
439 1483 579 1550 magnos
596 1470 709 1539 ornat,
728 1481 828 1553 quam
844 1478 1009 1552 purpura,
1026 1474 1132 1543 reges.

210 1567 305 1642 Hanc
323 1588 506 1670 seeptmm,
523 1571 607 1645 hane
626 1568 762 1656 titulos,
780 1568 867 1641 hanc
884 1567 1033 1640 diadema
1050 1581 1141 1666 puta.

164 1681 233 1755 Hae
251 1684 342 1772 sine,
360 1685 559 1761 dedecorant
572 1686 686 1761 honor
702 1703 738 1760 et
754 1713 815 1758 sua
831 1683 966 1757 nomina
981 1709 1140 1777 magnos:

211 1799 284 1872 Hac
300 1800 388 1889 sine,
406 1803 561 1901 majestas
576 1802 715 1897 regibus
730 1801 804 1901 ipsa
819 1797 949 1901 probro
966 1814 1026 1871 est.

164 1914 235 1987 Nec
253 1931 378 2004 tamen,
396 1934 437 1991 nt
451 1918 570 2016 jactas,
586 1917 672 1991 sama
687 1934 739 1991 eet
756 1917 820 1990 tibi
838 1914 986 1990 criminin
1002 1940 1129 2014 expers.
1185 1930 1230 1982 135

213 2029 365 2103 Perdidit
381 2030 483 2120 hanc,
501 2032 654 2134 quisquis
668 2061 740 2106 non
754 2034 896 2108 retinere
915 2030 1019 2130 cupit.

165 2143 270 2239 Quod
288 2146 350 2219 tibi
366 2176 435 2249 prae
451 2149 577 2223 nostrie
593 2148 705 2224 sordet
721 2167 780 2223 tna
795 2150 887 2245 regia
904 2146 1013 2234 silvis,

213 2262 331 2337 Judice
347 2292 413 2352 me,
432 2263 522 2342 silve
539 2283 573 2340 te
591 2294 739 2368 quoqne,
758 2265 914 2353 Phaedra,
933 2265 1071 2350 decenn

163 2374 230 2449 Sed
247 2378 376 2479 quales,
393 2382 601 2484 meritoque,
619 2401 712 2457 tuam
729 2399 865 2456 tenuere
882 2408 1048 2466 sororem,

211 2493 326 2590 Quum
343 2498 415 2573 sine
433 2528 467 2574 se
484 2499 606 2575 Tbesei
624 2499 708 2571 vidit
725 2496 816 2572 abire
834 2515 930 2572 rates.
1184 2514 1229 2583 140

163 2607 203 2679 ln
219 2613 344 2711 quibus
360 2613 499 2688 hnmani
516 2643 685 2716 nusquam
703 2615 841 2709 vestigia
858 2613 984 2702 cultus,

211 2723 276 2799 Sed
291 2726 402 2801 videas
421 2728 502 2801 solis
519 2729 654 2824 cognita
670 2727 775 2802 lustra
790 2728 878 2803 feris.

163 2834 235 2912 lllie
251 2843 392 2915 venandi
409 2845 521 2917 studio
540 2861 671 2918 teneare
688 2842 821 2932 licebit3

213 2952 286 3028 lllic
301 2957 453 3032 horteris.
462 2988 523 3060 per
536 2961 617 3058 juga
632 2989 760 3034 summa
777 2989 884 3035 canes.

165 3069 216 3140 Ut
232 3070 374 3169 pedibus
388 3093 520 3148 nostras
538 3092 654 3170 tangas
670 3076 801 3177 impura
817 3075 997 3150 nefandis?
1182 3089 1229 3155 145

213 3188 251 3260 Si
269 3188 352 3265 serat
368 3191 449 3280 hoc,
467 3193 559 3266 silvis
575 3222 644 3265 non
661 3193 747 3265 bene
764 3191 858 3284 virgo
875 3205 1005 3289 praeest.
1083 3292 1086 3297 Ι

162 3307 231 3379 Nee
249 3306 313 3381 tibi
329 3338 423 3384 mens
442 3309 561 3397 damis,
579 3339 641 3384 nee
656 3335 750 3381 mens
768 3321 819 3376 est
833 3306 919 3377 retia
936 3302 1040 3378 eenn's

210 3422 378 3513 Tendere,
395 3455 456 3500 nec
475 3455 573 3500 cursu
589 3423 724 3524 praemia
740 3438 855 3494 nostra
872 3419 983 3518 seqni;

162 3536 278 3612 Praeda
296 3541 363 3613 luis
381 3569 463 3637 ego,
482 3570 581 3643 qnam
600 3555 764 3640 captares,
782 3537 912 3611 retibus
929 3561 1054 3608 essem:

210 3655 326 3730 Praeda
344 3686 424 3753 ego,
441 3688 502 3760 per
518 3659 616 3733 silvas
635 3686 733 3758 qnam
751 3680 937 3754 sequerere,
956 3651 1072 3726 forem.
1179 3675 1225 3726 150

160 3772 268 3861 Ante,
285 3802 420 3875 precor,
438 3805 544 3849 novus
561 3777 699 3849 Actaeon
717 3773 752 3844 in
768 3769 942 3844 montibus
959 3798 1079 3860 errem,

210 3890 257 3962 Et
272 3887 360 3964 lacer
377 3921 396 3964 a
412 3890 551 3965 canibus
567 3889 705 3961 devorer
720 3888 791 3988 ipse
807 3887 898 3962 meis.
