2790 4696
205 306 288 358 ΠΝ
384 291 388 299 '
597 278 878 354 PRAEFATIO.

206 433 333 507 reulum
349 457 463 533 quoque
482 430 590 530 referre
602 431 736 519 censui,
764 458 804 504 on
817 445 918 505 oreos
940 457 1062 504 causata
1084 457 1121 505 oc
1144 432 1265 507 modum

193 562 346 669 figurata
360 558 511 646 dictioor's,
532 559 655 635 mrcrsoe
664 575 840 646 structura,
852 576 977 635 roututoe
989 561 1127 662 vulgaris
1143 590 1265 637 consue-

208 689 320 763 tudinis
333 690 364 762 in
374 689 595 799 erqm'st'trorem
609 718 647 764 oc
658 690 837 779 doctiorem,
851 707 1047 793 propostam
1059 690 1164 765 decem
1172 709 1233 766 etc.
1249 700 1267 734 '²

210 823 288 896 Hac
299 823 403 918 igitur
414 821 526 911 volui,
544 823 614 898 hoc
628 826 750 899 tentavi
764 850 772 894 t
785 843 897 898 utrum
910 842 1018 898 autem
1028 825 1114 898 bene
1128 823 1270 901 tentanti

209 955 254 1028 sit
270 982 518 1040 successurum,
545 956 600 1027 vix
619 954 727 1028 habeo
747 954 836 1028 unde
857 952 1008 1053 sperem,
1032 983 1135 1054 quum
1153 974 1187 1028 et
1204 953 1272 1055 ipsi

210 1089 341 1190 lleynio
356 1113 493 1159 somnus
500 1086 668 1159 interdum
678 1088 713 1158 in
725 1114 824 1186 opere
837 1104 902 1159 tam
912 1083 1014 1180 longo
1023 1086 1219 1185 obrepserit.

258 1219 334 1292 lloc
349 1244 453 1290 unum
470 1232 521 1303 te,
534 1217 654 1289 Lector
670 1215 925 1304 humanissime,
941 1245 1021 1305 oro,
1035 1217 1268 1317 obtestorque,

209 1366 249 1421 nt
263 1375 326 1447 pro
344 1362 434 1420 certo
456 1345 579 1420 habeas
593 1344 678 1420 nihil
695 1344 819 1420 volenti
836 1364 893 1420 aut
909 1346 1072 1422 inatteuto
1092 1346 1269 1433 excidisse;

210 1505 270 1552 nec
287 1476 463 1571 indignum
475 1503 612 1577 prorsus
627 1478 759 1551 Nasone
776 1495 810 1551 et
824 1477 903 1550 viris
921 1477 1028 1551 doctis
1042 1506 1128 1579 opus
1143 1506 1194 1553 me
1207 1476 1273 1552 edi-

212 1625 342 1698 turum,
361 1607 390 1681 si
401 1626 562 1708 quantum
576 1606 674 1680 inme
687 1605 789 1680 studii
806 1624 840 1681 et
849 1607 992 1697 ardoris,
1012 1626 1140 1683 tantum
1151 1610 1273 1686 inesset

213 1740 293 1814 artis
311 1757 345 1814 et
360 1739 495 1836 ingenii.
513 1739 588 1811 lloc
603 1763 735 1837 quoque
753 1738 836 1812 seire
854 1755 902 1827 te,
923 1738 1141 1839 inprimisque
1163 1756 1272 1812 tenere

213 1870 330 1957 velim,
353 1898 423 1942 uon
440 1867 541 1941 modo
557 1895 627 1940 non
643 1894 727 1962 aegre
744 1865 889 1943 laturum
904 1870 1050 1942 censoris
1067 1868 1273 1943 animadver-

214 2005 360 2089 sionem;
380 1999 437 2074 sed
458 1997 665 2100 expostulare
683 1999 870 2088 exanimo,
892 2017 931 2073 nt
948 1999 1111 2101 quidquid
1122 2028 1275 2102 peccave-

214 2135 291 2223 n'm,
304 2159 440 2207 moneas
453 2130 573 2217 amice,
593 2156 653 2204 nec
669 2131 818 2230 peccanti
827 2131 959 2232 parcius
971 2130 1161 2228 indulgeas,
1177 2159 1274 2232 quam

215 2269 285 2366 ipse
306 2263 388 2336 mihi
409 2260 502 2336 soleo
527 2288 677 2361 parcere,
697 2259 758 2333 ubi
780 2260 924 2360 primum
947 2263 1067 2336 emoris
1086 2290 1275 2337 commone·

217 2395 332 2470 lactus.
374 2432 376 2437 ·

267 2527 340 2600 llac
357 2552 419 2620 ego
442 2551 494 2599 me
519 2523 582 2597 tihi
605 2521 676 2618 lege
699 2537 808 2594 totum
831 2520 1023 2607 committo,
1047 2548 1105 2622 spe
1122 2539 1278 2622 metuque

216 2656 401 2756 trepidum
423 2654 554 2754 etquid
574 2652 614 2727 tle
631 2655 764 2726 Nasone
786 2667 904 2725 nostro
932 2651 1088 2741 semesis,
1106 2651 1200 2725 anxie
1221 2650 1278 2726 ad-

219 2787 356 2861 modum
372 2804 625 2888 exspectantem.

226 3022 232 3029 ·
267 2921 392 2994 Firmat
410 2938 519 2992 tamen
530 2916 700 3018 aliquanto
711 2916 898 2992 dubitantis
909 2918 1036 2991 animos
1051 2917 1167 3018 opinio
1182 2916 1280 2991 talem

219 3082 309 3128 nunc
331 3051 465 3154 prodire
492 3052 670 3140 Ovidium,
699 3049 806 3152 qualis
830 3078 994 3150 nusquam
1011 3080 1028 3125 e
1046 3048 1154 3151 prolis
1172 3049 1280 3124 adhuc

222 3184 354 3271 exierit,
375 3200 409 3256 et
426 3181 616 3281 interpreti,
643 3182 672 3253 si
694 3180 779 3256 forte
807 3181 976 3271 defecerit,
995 3181 1170 3256 subvenire
1190 3181 1283 3254 auxi-

221 3313 318 3390 liares
335 3314 522 3389 chartarum
538 3312 698 3402 nitorem,
723 3330 757 3386 et
779 3332 960 3388 accuratam
979 3332 1131 3415 typorum
1150 3312 1283 3409 elegan-

226 3448 323 3537 tiam,
342 3476 415 3549 quae
431 3445 648 3548 Typographi
665 3447 772 3519 nostri
787 3476 909 3521 nomen
937 3456 973 3488 **
994 3478 1068 3521 oum
1091 3449 1283 3522 nominibus

225 3574 261 3646 in
288 3575 349 3649 hac
382 3595 452 3652 arte
482 3575 702 3651 celeberrimis
725 3574 790 3649 late
814 3576 1018 3651 circumferet
1039 3577 1281 3652 celebrandum.

227 3701 320 3797 Quid
336 3734 413 3802 sero
436 3707 633 3782 Chattorum
658 3707 765 3796 nitor,
792 3707 873 3807 quid
890 3705 1051 3803 elegantia
1067 3727 1241 3810 typorum,
1256 3705 1285 3776 si

257 3899 302 3954 *E
311 3901 467 3956 Prolatione
475 3907 539 3960 tomi
548 3923 592 3973 111,
602 3905 671 3961 Edit.
680 3907 771 3977 prima
781 3927 788 3971 ;
799 3905 901 3963 Nostra
909 3927 981 3978 vero,
992 3919 1055 3964 tom,
1063 3926 1085 3978 1,
1094 3929 1150 3981 pag.
1158 3928 1188 3978 ²7
1195 3914 1222 3958 et
1230 3904 1273 3957 28·

257 3997 283 4028 ⁸*
297 3999 370 4053 ΜΜ.
383 3998 642 4073 norun-numa,
654 4010 717 4073 ptoe
727 4008 812 4074 etfils.
