2790 4696
170 346 211 411 28
368 395 370 398 ι
524 349 791 420 EPISTOLA
820 356 872 422 ΙΙ.

214 480 385 557 Litoribus
401 485 525 560 nostris
541 488 685 564 anchora
700 509 796 592 pacta
812 509 868 566 tua
887 511 945 567 est.

165 599 260 671 Luna
276 616 391 698 quater
405 599 517 691 latuit;
534 602 635 704 pleno
654 624 771 706 quater
787 607 871 681 orbe
887 609 1043 696 recrevit;

211 717 281 789 Nec
298 716 387 790 vehit
403 717 531 791 Actaeas
548 718 701 795 Sithonis
719 722 808 795 unda
825 739 921 797 rates.

165 833 327 933 Tempora
344 833 373 905 si
390 862 557 921 numeres,
575 835 660 911 bene
678 867 751 938 qua
770 865 979 913 numeramus
997 856 1159 928 amantes,

211 948 287 1021 Non
304 947 393 1021 veuit
410 966 484 1023 ante
502 978 599 1023 suum
615 970 730 1024 nostra
748 952 880 1051 querela
897 953 992 1026 diem.

163 1060 246 1160 Spes
265 1090 397 1161 quoque
415 1060 503 1136 lenta
518 1061 582 1135 fuit
601 1089 608 1131 τ
627 1066 733 1152 tarde,
754 1094 826 1165 quae
845 1067 968 1140 credita
985 1066 1126 1155 laedunt,

212 1174 384 1247 Credimus
403 1205 411 1248 τ
429 1177 530 1248 invita
547 1205 635 1250 nunc
653 1194 686 1250 et
703 1195 830 1251 amante
848 1197 979 1252 nocent.
1196 1221 1225 1254 to

163 1287 257 1387 Sapo
274 1287 324 1360 fui
340 1288 481 1362 mendax
498 1317 559 1389 pro
579 1307 610 1364 te
628 1291 729 1379 mihi3
749 1319 835 1391 saepe
852 1294 967 1392 putavi

208 1403 297 1479 Alba
313 1403 515 1506 procellosos
532 1405 603 1481 vela
619 1406 738 1482 referre
754 1410 873 1514 Notos.

163 1665 218 1702 non
230 1647 331 1703 nemini
343 1650 410 1703 [orte
423 1648 531 1702 dubium
543 1646 669 1703 rideatur⁴
718 1649 783 1703 dum
801 1668 904 1703 moram
921 1649 1132 1720 Demophoontis
1153 1654 1225 1706 vario

165 1727 285 1795 Etenim,
297 1727 318 1782 si
329 1727 361 1781 ad
367 1728 452 1798 ipsum
459 1739 562 1797 tempus
566 1735 670 1795 pactum
718 1747 854 1782 causarum
866 1738 993 1798 pretextu
1005 1728 1128 1782 defendit
1143 1729 1174 1787 ld
1184 1732 1225 1784 se·

164 1806 287 1875 promissa
306 1806 408 1876 exigat,
433 1804 567 1876 quomodo
583 1804 670 1858 dicere
718 1806 765 1872 cit,
779 1807 876 1874 utiam
892 1825 951 1860 sero
967 1804 1069 1873 credat,
1087 1824 1145 1876 qua
1160 1806 1224 1861 citra

162 1894 247 1952 potest
261 1883 288 1936 in
306 1884 488 1952 sequentibus,
509 1903 579 1950 spem
595 1902 671 1937 suam
718 1883 921 1939 ossensamcredi
932 1902 987 1938 non
999 1894 1120 1953 possunt,
1133 1894 1160 1937 et
1170 1884 1225 1951 qui·

161 1961 359 2015 leatamsuisse?
369 1962 453 2014 Porro
461 1962 551 2033 negari
562 1962 669 2032 nequit,
717 1961 766 2016 bus
777 1963 922 2016 etiamnum
934 1981 1009 2016 amor
1020 1972 1155 2033 repugnat.
1167 1962 1225 2015 Hu-

162 2038 246 2092 100110
262 2038 443 2092 vehementius
453 2041 593 2108 stringere:
717 2039 835 2095 bertinus
847 2060 909 2096 cum
922 2038 1004 2094 Coelio
1016 2040 1090 2103 sacit;
1107 2037 1153 2093 sed
1166 2039 1225 2092 An-

162 2129 240 2166 romu·
248 2142 293 2165 oum
302 2129 364 2167 latmo
373 2127 430 2178 piano
439 2127 500 2166 umal
508 2128 554 2165 orbe
562 2128 657 2175 coierent,

185 2199 285 2239 Litoribus
296 2200 368 2238 nostn's
375 2198 457 2238 usbon
467 2207 522 2250 pecte
530 2207 564 2237 tua
572 2208 608 2239 est.

161 2272 218 2310 Lm
225 2271 368 2323 quantumin
378 2272 435 2323 pleno
441 2270 563 2324 quamorbe
575 2274 669 2323 11011νὶ15

186 2344 228 2385 Neo
237 2344 291 2384 vetit
301 2344 377 2384 Aetna
386 2343 472 2383 Sithonis
482 2342 533 2381 1111111
542 2352 600 2382 rates.

164 2419 251 2488 Atque
258 2417 294 2471 ita
300 2416 383 2470 multo
390 2415 550 2470 acerbiorem
557 2416 669 2470 ironiam

162 2515 216 2550 esse
228 2497 256 2549 in
268 2495 332 2558 hoc;

162 2587 208 2626 Non
222 2587 276 2625 venit
286 2594 330 2624 ente
341 2597 400 2624 suum
408 2593 473 2624 nostru
483 2585 561 2636 querele
569 2584 628 2623 diem.
642 2583 667 2622 Ῑι.

195 2662 219 2727 lp
236 2662 362 2713 litoribus
373 2664 466 2712 nostn's
480 2668 528 2712 etr⁴
544 2657 668 2723 Poetice,

163 2749 190 2790 et
200 2738 266 2790 mira
275 2737 388 2807 quadam
396 2738 537 2790 verborum
543 2733 670 2803 elegantia

163 2817 322 2870 sententiam
339 2816 406 2871 hanc
424 2823 533 2868 exornat
549 2833 555 2865 ι
569 2811 671 2864 reditu-

717 2117 804 2171 tonius
810 2117 1222 2188 Volscusexponitspemleutam,

717 2213 775 2263 quae
795 2195 871 2266 ionga
889 2195 1079 2264 exspectatione
1096 2194 1151 2248 sine
1166 2213 1225 2247 sue-

716 2291 788 2325 cessu
800 2278 889 2326 rerum
901 2271 1076 2337 consumitur3
1089 2290 1166 2342 aqua
1176 2271 1224 2324 in-

717 2351 903 2418 terpretatione
923 2368 978 2402 non
995 2349 1072 2420 longe
1091 2349 1143 2402 abit
1162 2348 1227 2403 doc·

717 2425 829 2479 tissimus
840 2425 996 2494 Bentlejus,
1015 2424 1046 2478 ad
1060 2427 1154 2480 Horat.
1168 2427 1226 2480 Art.

717 2502 793 2555 Poet.
812 2524 865 2572 ¹7²·
882 2503 926 2571 qui
942 2503 1064 2571 exponit,
1082 2523 1137 2571 puae
1150 2508 1227 2572 longa

717 2599 787 2632 mom
800 2583 948 2632 extradatur.
971 2579 1029 2648 Ego
1045 2581 1170 2632 cumillis
1186 2584 1228 2634 sa-

717 2677 819 2724 cerem,
836 2657 882 2726 qui
898 2656 931 2709 de
948 2665 1022 2709 metu
1038 2666 1065 2708 et
1081 2657 1226 2725 suspicione

717 2735 831 2804 capiunt.
853 2735 914 2788 Non
937 2733 1025 2788 statim
1048 2742 1073 2786 te
1094 2732 1226 2804 perfidum

717 2813 830 2880 credidi,
848 2812 893 2866 sed
910 2811 996 2875 lente3
1013 2830 1064 2865 nec
1079 2811 1131 2865 cito
1147 2810 1227 2864 indu-

718 2911 777 2945 cere
795 2891 914 2944 animum
931 2909 1023 2944 meum
1035 2890 1109 2961 potui
1125 2898 1226 2943 tantam

163 2971 331 3044 promiseram
351 2981 463 3041 quatuor
482 2971 537 3039 jam
556 2967 670 3021 effluxo·
718 2970 745 3022 in
759 2979 784 3022 te
797 2989 851 3022 esse
863 2967 1015 3039 perfidiam,
1028 2967 1088 3038 quia
1100 2971 1171 3020 tarde
1183 2987 1228 3020 so-

163 3059 240 3118 runt,
254 3069 303 3105 nec
314 3060 403 3103 tamen
414 3046 491 3101 redis.
566 3055 569 3059 ’
717 3048 801 3102 temus
812 3045 919 3100 eredere
932 3066 979 3112 ea,
997 3065 1056 3115 que
1068 3047 1179 3107 ledum
1201 3055 1228 3098 et

194 3130 218 3183 6.
235 3130 291 3182 Nec
297 3130 477 3182 vetrtAcreas
484 3127 596 3178 ortona
602 3126 671 3176 unda
717 3125 894 3192 nuncetiam,
910 3124 970 3178 iicet
987 3123 1105 3176 invitaet
1121 3122 1227 3174 mallem

127 2927 129 2931 >
162 2913 223 2947 rurn
237 2904 263 2946 te
275 2894 343 2946 intra
355 2894 432 2946 unius
447 2891 543 2945 mensis
557 2889 669 2960 spatium

162 3215 238 3261 rates.
249 3209 335 3263 Nares
350 3206 445 3261 scilieet
457 3205 488 3258 ab
501 3205 592 3257 Attr'ca
607 3221 672 3272 pro-
718 3221 773 3256 non
786 3201 906 3268 credere,
919 3220 998 3272 cogor
1013 3200 1120 3254 credere
1132 3210 1158 3253 te
1171 3218 1227 3252 non
1307 3234 1320 3243 ,

163 3287 255 3355 sectas,
267 3305 325 3357 quar
340 3286 377 3339 sic
388 3283 470 3349 dieta,
484 3282 516 3334 al)
528 3283 583 3344 ἀκτὴ
597 3281 669 3349 ripa,
719 3281 880 3347 rediturum,
895 3278 965 3349 quod
976 3279 1087 3331 maxime
1100 3278 1227 3331 1111111110-

166 3364 236 3433 quod
242 3376 268 3418 et
276 3365 307 3418 ab
317 3368 380 3433 ἄγω,
385 3363 493 3432 sterno,
504 3360 566 3430 quia
575 3360 671 3412 seriun·
718 3370 760 3414 cet
771 3370 798 3414 et
813 3359 890 3412 dotet.
902 3359 1000 3412 Banu.
1011 3385 1045 3398 -
1061 3359 1127 3409 Fuit.
1145 3355 1226 3410 MSS.

166 3452 208 3495 tur
218 3483 225 3508 ‚
241 3444 399 3513 franguntur
413 3438 591 3493 indesinenter
609 3437 671 3506 ripoe
720 3437 826 3507 quidam
834 3442 912 3490 venit.
922 3437 958 3490 sic
965 3446 991 3489 et
1001 3434 1082 3506 Epist.
1092 3451 1162 3500 xvrt,
1172 3434 1225 3486 108.

166 3519 297 3574 undarum
309 3523 422 3576 incursu.
432 3516 567 3588 Virg.Ecl.
578 3533 621 3583 rx,
632 3517 671 3582 43.
718 3534 777 3584 spes
797 3523 841 3568 tua
861 3519 932 3568 lenta
942 3520 1024 3578 venet,
1039 3532 1070 3567 ex
1083 3510 1164 3566 MSS.
1176 3510 1224 3564 hac

252 3613 318 3652 mna
325 3611 518 3665 panormum·
528 3606 605 3646 fluctus.
721 3593 803 3663 Epist.
821 3614 845 3646 v.
861 3594 901 3646 52.

197 3681 672 3755 9.·1μεᾳιιοφπεὶιιιίαίιιιῖ.1111τὶ001101
719 3683 962 3735 Quacumqoeexmriro
972 3696 1015 3734 ’μ’
1027 3681 1094 3728 mit»
1105 3695 1160 3732 ‘tu‘
1167 3681 1228 3718 mit·
1269 3718 1273 3725 .

167 3778 272 3826 sensus,
284 3763 329 3830 qui
340 3764 393 3830 jam
405 3762 542 3817 sollicitum
555 3759 671 3812 habuisse
756 3778 793 3810 rr.
810 3754 1050 3824 quesur'merrdax
1057 3775 1105 3823 pro
1119 3758 1146 3804 te
1161 3753 1229 3803 mr'lri.

167 3833 271 3888 videtur
282 3839 460 3892 Alexandrum
468 3840 614 3902 paninum,
628 3835 673 3905 qui
721 3835 807 3905 Saepe,
820 3843 849 3886 ut
857 3835 939 3904 ipsam
950 3853 992 3886 me
1002 3832 1160 3902 deciperem,
1168 3846 1232 3879 rau-

171 3911 282 3966 Cetium
292 3912 480 3986 Calraguinum
492 3916 524 3970 de
536 3917 586 3970 hoe
597 3932 673 3967 versu
720 3934 760 3968 sus
777 3913 865 3967 animo
883 3911 963 3975 sinui,
982 3929 1040 3980 quae
1055 3909 1185 3970 invitum,
1204 3913 1231 3956 et

169 3989 305 4045 consuluit.
323 3989 418 4047 cetius
428 4014 491 4047 vero
501 3994 545 4047 111).
557 3998 579 4047 5.
593 3994 673 4064 Epist.
720 3993 819 4047 reditus
838 3991 1019 4061 impatientem
1040 3991 1210 4040 morarentur
1222 4003 1230 4043 ς

170 4089 226 4139 pag.
236 4068 365 4138 64,spem
374 4068 417 4123 hie
428 4072 495 4140 capit
505 4092 552 4142 pro
564 4072 673 4139 timore,
721 4073 808 4142 sieque
820 4068 925 4122 fidetem
937 4068 1001 4121 mihi
1016 4077 1041 4120 te
1049 4068 1231 4118 meatrtasum.
1291 4105 1298 4117 ,

172 4159 283 4202 utamor
294 4146 339 4203 diu
348 4146 437 4202 fucum
448 4148 538 4201 fecerit
546 4148 672 4220 Phyllidi,
758 4170 795 4204 ra.
812 4150 889 4203 Atta.
901 4144 998 4212 Recte,
1016 4145 1076 4212 quia
1087 4139 1150 4196 boui
1162 4138 1231 4192 orni-
