2790 4696
485 335 889 406 Msnntrtsour.
1160 365 1227 433 229

207 478 274 552 Per
286 474 461 562 meritum,
480 492 514 549 et
529 492 644 562 natos,
663 476 806 576 pignora
822 495 954 567 nostra,
973 479 1081 554 duos:

162 592 278 668 Redde
297 610 422 678 torum,
441 621 504 693 pro
522 621 591 693 quo
609 609 662 666 tot
676 622 729 667 res
747 594 862 669 insana
878 595 1009 698 reliqui.

208 708 307 784 Adde
320 707 418 782 fidem
436 708 555 796 dictis,
574 708 798 811 auxiliumque
815 711 910 786 refer.

162 828 242 902 Non
259 854 321 922 ego
339 843 371 898 te
388 823 531 926 imploro
547 842 662 899 eontra
680 842 859 927 taurosque
876 828 1046 930 virosque;

214 951 325 1048 thue
342 965 398 1021 tna
415 975 551 1049 serpens
567 949 654 1022 victa
671 949 821 1049 quiescat
837 979 911 1052 ope.

163 1066 213 1138 Te
226 1081 323 1165 peto,
339 1092 438 1164 quern
454 1063 576 1151 merui,
597 1093 694 1164 quem
708 1064 807 1137 nobis
825 1065 895 1166 ipse
912 1064 1048 1153 dedisti3

211 1180 296 1254 Cum
315 1207 384 1280 quo
402 1207 476 1253 sum
492 1179 617 1279 pariter
633 1180 719 1253 sacta
735 1199 871 1283 parente
889 1211 1017 1284 parens.

162 1297 235 1371 Dos
251 1294 313 1369 ubi
329 1296 389 1384 sit,
409 1296 553 1395 queris?
573 1324 689 1398 eampo
708 1297 951 1372 numeravimus
969 1297 1046 1389 illo,

209 1410 281 1506 Qui
300 1410 383 1498 tibi,
402 1409 512 1485 laturo
530 1410 653 1500 vellus,
672 1411 815 1485 arandus
833 1428 911 1485 erat.

162 1530 294 1602 Aureus
311 1526 368 1602 ille
384 1529 485 1617 aries,
503 1527 583 1601 villo
599 1525 791 1629 spectabilis
807 1556 923 1617 nureo,

212 1644 284 1717 Dos
301 1672 374 1717 mea
387 1674 395 1717 :
409 1673 526 1745 quam,
544 1645 649 1718 dicam
667 1644 695 1717 si
714 1643 792 1730 tibi,
808 1644 927 1731 redde;
943 1673 1053 1739 neges.

165 1761 236 1835 Dos
252 1789 341 1850 mea,
361 1779 397 1834 tu
416 1789 554 1863 sospes:
572 1760 634 1833 dos
651 1778 701 1834 est
716 1788 803 1847 mea,
824 1760 922 1861 Graja
935 1761 1100 1859 juventus.

213 1877 356 1966 lnune,
375 1876 565 1978 sisyphius,
582 1875 750 1976 improbe,
769 1875 884 1950 conset
901 1905 992 1977 opes.

167 1992 272 2090 Quod
279 1993 378 2083 rivis,
391 1993 482 2093 quod
491 1992 595 2066 habes
607 2009 745 2093 nuptam
755 2020 970 2092 socerumque
982 2008 1168 2093 potentem,
1183 2012 1232 2065 205

217 2108 293 2181 Boe
308 2108 433 2209 ipsum,
452 2108 603 2203 ingratus
621 2107 710 2207 quod
727 2123 824 2208 potes
840 2136 929 2197 esse,
946 2135 1056 2181 meum
1073 2122 1132 2181 est.

169 2223 268 2321 Quos
285 2223 435 2325 equidem
453 2240 601 2297 actutum
609 2279 665 2295 .....
687 2223 746 2296 sed
763 2222 845 2323 quid
860 2223 1035 2324 predicere
1052 2250 1184 2324 poenam

202 2381 599 2452 rantuaetosfflr'gnoranostra,
606 2381 676 2432 duos.
724 2398 808 2432 minus
819 2384 846 2431 in
858 2382 903 2432 r'IIo
915 2379 1002 2449 scripti
1013 2378 1130 2448 plerique
1141 2417 1148 2444 ,
1161 2378 1231 2448 quod

166 2459 279 2527 Pignora
287 2478 361 2523 cara,
380 2459 433 2513 duo
443 2459 538 2528 scripti.
547 2457 601 2511 Sed
613 2459 676 2510 An·
725 2456 879 2523 Gronovio,
897 2458 939 2511 lib.
949 2473 996 2523 tv,
1008 2456 1118 2512 Observ.
1128 2475 1176 2524 πο,
1189 2477 1233 2510 ar-

167 2537 256 2592 senius
267 2536 370 2591 videtur
388 2537 504 2591 imitatus
520 2537 549 2589 in
569 2537 675 2589 Paren-
724 2535 833 2589 ridebat.
842 2536 1231 2605 Quatuor‚rumeremusr’nr’llo.

168 2616 272 2684 tatibus,
287 2634 330 2684 rx,
345 2616 393 2670 25:
725 2615 804 2668 etiarn
814 2626 884 2670 reete
893 2636 899 2669 :
907 2615 953 2670 sed
962 2627 1020 2669 tum
1029 2614 1149 2685 sequenti
1156 2632 1233 2668 versu

188 2700 274 2752 Equirti
283 2708 340 2739 nto·
346 2727 354 2746 ,
368 2699 449 2749 pignore
459 2706 538 2744 nostre,
550 2698 605 2737 ditor.
723 2694 870 2763 scripserim
882 2714 888 2748 ς

166 2772 196 2827 ln
206 2773 261 2828 aliis
269 2779 339 2836 tuos,
350 2771 421 2842 quod
434 2781 466 2844 ref,
476 2778 564 2823 nostra
568 2777 676 2839 maora
748 2781 788 2830 Qut
798 2779 833 2818 um
844 2781 907 2819 nim
917 2780 979 2818 nitu·
988 2778 1072 2818 amru·
1081 2781 1125 2819 no.
1136 2781 1216 2820 Hem.

165 2850 390 2922 videturopponi3
405 2851 674 2919 etprosertoSeneca,
756 2853 813 2905 203.
827 2855 885 2906 Dos
895 2860 937 2906 est
946 2873 1002 2906 mea
1016 2853 1233 2922 Gnrlitjuoenlus.

166 2929 193 2983 in
204 2930 317 2996 Medea,
330 2929 400 2999 478,
415 2930 521 2981 Tuomm
536 2947 675 2998 agnoscere
724 2930 794 2986 socii
802 2932 850 2999 tui,
859 2951 924 3003 quos
933 2951 1025 2986 omnes
1033 2931 1064 2984 ab
1075 2931 1232 2983 imminente

168 3006 286 3063 ridetur:
724 3006 1235 3082 etcertaperuicieservevi.-incalescit

167 3098 203 3138 Ρ*
212 3112 257 3151 ⁸e0·
265 3108 347 3138 turm
356 3097 452 3145 Um»
461 3106 481 3135 οἳ
490 3105 564 3135 een-m
573 3096 640 3136 1υττιτι-
725 3089 833 3142 tandem
845 3102 872 3144 et
884 3091 966 3142 servet
975 3088 1075 3153 oratio,
1090 3103 1148 3155 que
1158 3083 1235 3152 paulo

168 3172 224 3227 Nisi
234 3175 337 3225 duona
348 3171 399 3224 illic
410 3168 560 3240 legendum.
575 3171 676 3224 Hmtts.
725 3166 993 3238 adhucsrigidior,sen
1003 3166 1051 3230 rei,
1060 3183 1105 3217 seu
1113 3179 1231 3232 persone

205 3252 260 3322 194
273 3252 358 3302 Fiden
369 3252 453 3301 dictr's.
465 3251 554 3301 Paclis
564 3248 677 3301 malebat
724 3256 844 3314 respectu
853 3243 912 3297 :sed
921 3243 1046 3297 Medeam
1054 3242 1095 3295 hie
1102 3258 1232 3309 agnoscas,

172 3323 235 3377 olim
247 3325 386 3379 Heinsius:
398 3324 442 3379 sed
456 3344 602 3395 perperam⁴
615 3324 677 3376 Ter.
726 3338 784 3387 quie
796 3328 878 3371 toturn
888 3338 915 3371 se
926 3319 1033 3388 explicat
1041 3318 1068 3370 in
1080 3316 1172 3368 ultimo
1182 3313 1230 3382 Ep.

171 3401 247 3457 Adel.
257 3418 286 3469 v,
294 3420 314 3464 1,
324 3421 365 3455 ro:
372 3405 475 3457 Dt'clum
482 3402 676 3469 internossu175
726 3416 802 3450 versu
812 3399 920 3450 :Nescio
931 3399 1046 3466 pm'detc.

171 3490 199 3533 et
207 3481 243 3535 ite
250 3480 426 3554 Nostersepe.
440 3481 502 3534 Vid.
514 3498 553 3547 ru,
563 3481 629 3533 Met.
638 3481 679 3552 95.
759 3476 816 3540 204.
827 3474 932 3533 Inuuc,
954 3476 1086 3545 Se'syplu'as
1095 3483 1143 3525 etc.
1155 3468 1236 3523 Enu-

171 3558 440 3631 Meieetiamliegius,
448 3563 599 3627 exiliumque
607 3557 679 3625 ψ.
727 3552 833 3606 meratis
846 3568 904 3620 quae
912 3550 1004 3603 Jasoni
1017 3551 1172 3621 prestiterat
1182 3546 1237 3600 offi-

171 3632 264 3693 Senec.
284 3637 357 3692 Med.
376 3641 423 3706 482
442 3659 449 3690 :
467 3640 557 3690 Redde
573 3639 683 3705 supplici
727 3634 781 3699 ciis,
789 3650 847 3700 quse
855 3633 938 3682 dolent
946 3648 1020 3683 suam
1028 3629 1097 3682 haud
1104 3628 1236 3682 immerito

165 3716 236 3784 felde
245 3720 335 3771 νίκη.
352 3717 451 3771 Bonos.
728 3712 823 3780 jactat,
845 3709 966 3761 hortatur
984 3707 1102 3774 ironioe,
1126 3716 1155 3759 ut
1175 3723 1238 3775 quae

205 3814 258 3869 rqq
270 3798 328 3850 Dos
344 3800 392 3849 1161·
403 3803 451 3851 sil.
470 3800 566 3865 quant.
581 3794 679 3860 Forte,
728 3809 791 3861 opes
808 3786 918 3853 Creon,
939 3784 1045 3857 Sisyphi
1064 3785 1149 3851 fitius,
1170 3793 1240 3837 nato

170 3874 418 3945 Dosrlr'sr‘quaeras.
429 3878 536 3940 Quoems
543 3874 616 3928 enirn
622 3872 680 3925 Mo
731 3872 760 3924 in
771 3869 862 3922 dotem
872 3865 990 3931 confert,
1000 3881 1063 3918 eum
1075 3863 1180 3916 Medea
1189 3864 1242 3930 opi·

170 3952 226 4007 reti.
239 3953 325 4024 Epist.
337 3971 395 4019 vu,
408 3955 455 4006 83:
730 3953 776 4003 bus
784 3956 927 4017 comparet.

170 4036 286 4089 ew,
296 4037 365 4077 minu
375 4037 455 4076 tomi
464 4046 524 4076 mm
533 4038 579 4076 rm.
593 4038 667 4078 nonu.
763 4045 820 4098 ²⁰7.·
839 4029 908 4093 Quos
916 4024 1030 4094 equidem
1041 4026 1179 4075 actutum.
1190 4016 1242 4070 ln-

173 4132 205 4153 -·
217 4113 314 4180 Campo
325 4114 504 4166 numeraremus
512 4114 565 4167 illo.
582 4113 682 4168 Nume—
733 4104 864 4177 dignantis
875 4114 931 4173 est,
941 4122 992 4159 nec
1000 4118 1061 4156 mro
1069 4108 1244 4155 mntemnen·
